%YAML 1.1
%TAG !u! tag:unity3d.com,2011:
--- !u!114 &-7932690578950138964
MonoBehaviour:
  m_ObjectHideFlags: 0
  m_CorrespondingSourceObject: {fileID: 0}
  m_PrefabInstance: {fileID: 0}
  m_PrefabAsset: {fileID: 0}
  m_GameObject: {fileID: 0}
  m_Enabled: 1
  m_EditorHideFlags: 0
  m_Script: {fileID: 11500000, guid: 96f620db1fa6db547a5cfbf2f5188e38, type: 3}
  m_Name: And
  m_EditorClassIdentifier: 
  graph: {fileID: 11400000}
  position: {x: 1016, y: -72}
  ports:
    keys:
    - andConnections
    - enter
    - exit
    values:
    - _fieldName: andConnections
      _node: {fileID: -7932690578950138964}
      _typeQualifiedName: CITG.xNodeGraphes.SQLQueryGraphSystem.SQLQueryNode+Empty,
        Assembly-CSharp, Version=0.0.0.0, Culture=neutral, PublicKeyToken=null
      connections:
      - fieldName: enter
        node: {fileID: -213922475818953662}
        reroutePoints: []
      - fieldName: enter
        node: {fileID: 7095619526419251637}
        reroutePoints: []
      _direction: 1
      _connectionType: 0
      _typeConstraint: 0
      _dynamic: 0
    - _fieldName: enter
      _node: {fileID: -7932690578950138964}
      _typeQualifiedName: CITG.xNodeGraphes.SQLQueryGraphSystem.SQLQueryNode+Empty,
        Assembly-CSharp, Version=0.0.0.0, Culture=neutral, PublicKeyToken=null
      connections:
      - fieldName: exit
        node: {fileID: -6332109426878612832}
        reroutePoints: []
      _direction: 0
      _connectionType: 0
      _typeConstraint: 0
      _dynamic: 0
    - _fieldName: exit
      _node: {fileID: -7932690578950138964}
      _typeQualifiedName: CITG.xNodeGraphes.SQLQueryGraphSystem.SQLQueryNode+Empty,
        Assembly-CSharp, Version=0.0.0.0, Culture=neutral, PublicKeyToken=null
      connections: []
      _direction: 1
      _connectionType: 0
      _typeConstraint: 0
      _dynamic: 0
--- !u!114 &-6332109426878612832
MonoBehaviour:
  m_ObjectHideFlags: 0
  m_CorrespondingSourceObject: {fileID: 0}
  m_PrefabInstance: {fileID: 0}
  m_PrefabAsset: {fileID: 0}
  m_GameObject: {fileID: 0}
  m_Enabled: 1
  m_EditorHideFlags: 0
  m_Script: {fileID: 11500000, guid: 50235d8205fb4f244b91bc5187de6a90, type: 3}
  m_Name: Simple
  m_EditorClassIdentifier: 
  graph: {fileID: 11400000}
  position: {x: 760, y: -72}
  ports:
    keys:
    - enter
    - exit
    values:
    - _fieldName: enter
      _node: {fileID: -6332109426878612832}
      _typeQualifiedName: CITG.xNodeGraphes.SQLQueryGraphSystem.SQLQueryNode+Empty,
        Assembly-CSharp, Version=0.0.0.0, Culture=neutral, PublicKeyToken=null
      connections:
      - fieldName: exit
        node: {fileID: -3021948560851820995}
        reroutePoints: []
      _direction: 0
      _connectionType: 0
      _typeConstraint: 0
      _dynamic: 0
    - _fieldName: exit
      _node: {fileID: -6332109426878612832}
      _typeQualifiedName: CITG.xNodeGraphes.SQLQueryGraphSystem.SQLQueryNode+Empty,
        Assembly-CSharp, Version=0.0.0.0, Culture=neutral, PublicKeyToken=null
      connections:
      - fieldName: enter
        node: {fileID: -7932690578950138964}
        reroutePoints: []
      _direction: 1
      _connectionType: 0
      _typeConstraint: 0
      _dynamic: 0
  fragment: WHERE
--- !u!114 &-5811929148113604889
MonoBehaviour:
  m_ObjectHideFlags: 0
  m_CorrespondingSourceObject: {fileID: 0}
  m_PrefabInstance: {fileID: 0}
  m_PrefabAsset: {fileID: 0}
  m_GameObject: {fileID: 0}
  m_Enabled: 1
  m_EditorHideFlags: 0
  m_Script: {fileID: 11500000, guid: 50235d8205fb4f244b91bc5187de6a90, type: 3}
  m_Name: Simple
  m_EditorClassIdentifier: 
  graph: {fileID: 11400000}
  position: {x: 1528, y: 56}
  ports:
    keys:
    - enter
    - exit
    values:
    - _fieldName: enter
      _node: {fileID: -5811929148113604889}
      _typeQualifiedName: CITG.xNodeGraphes.SQLQueryGraphSystem.SQLQueryNode+Empty,
        Assembly-CSharp, Version=0.0.0.0, Culture=neutral, PublicKeyToken=null
      connections:
      - fieldName: exit
        node: {fileID: -213922475818953662}
        reroutePoints: []
      _direction: 0
      _connectionType: 0
      _typeConstraint: 0
      _dynamic: 0
    - _fieldName: exit
      _node: {fileID: -5811929148113604889}
      _typeQualifiedName: CITG.xNodeGraphes.SQLQueryGraphSystem.SQLQueryNode+Empty,
        Assembly-CSharp, Version=0.0.0.0, Culture=neutral, PublicKeyToken=null
      connections:
      - fieldName: enter
        node: {fileID: -3964854334405687773}
        reroutePoints: []
      _direction: 1
      _connectionType: 0
      _typeConstraint: 0
      _dynamic: 0
  fragment: LIKE
--- !u!114 &-3964854334405687773
MonoBehaviour:
  m_ObjectHideFlags: 0
  m_CorrespondingSourceObject: {fileID: 0}
  m_PrefabInstance: {fileID: 0}
  m_PrefabAsset: {fileID: 0}
  m_GameObject: {fileID: 0}
  m_Enabled: 1
  m_EditorHideFlags: 0
  m_Script: {fileID: 11500000, guid: 50235d8205fb4f244b91bc5187de6a90, type: 3}
  m_Name: Simple
  m_EditorClassIdentifier: 
  graph: {fileID: 11400000}
  position: {x: 1784, y: 56}
  ports:
    keys:
    - enter
    - exit
    values:
    - _fieldName: enter
      _node: {fileID: -3964854334405687773}
      _typeQualifiedName: CITG.xNodeGraphes.SQLQueryGraphSystem.SQLQueryNode+Empty,
        Assembly-CSharp, Version=0.0.0.0, Culture=neutral, PublicKeyToken=null
      connections:
      - fieldName: exit
        node: {fileID: -5811929148113604889}
        reroutePoints: []
      _direction: 0
      _connectionType: 0
      _typeConstraint: 0
      _dynamic: 0
    - _fieldName: exit
      _node: {fileID: -3964854334405687773}
      _typeQualifiedName: CITG.xNodeGraphes.SQLQueryGraphSystem.SQLQueryNode+Empty,
        Assembly-CSharp, Version=0.0.0.0, Culture=neutral, PublicKeyToken=null
      connections: []
      _direction: 1
      _connectionType: 0
      _typeConstraint: 0
      _dynamic: 0
  fragment: "'%\u0440\u0435\u043C\u043E\u043D\u0442%'"
--- !u!114 &-3021948560851820995
MonoBehaviour:
  m_ObjectHideFlags: 0
  m_CorrespondingSourceObject: {fileID: 0}
  m_PrefabInstance: {fileID: 0}
  m_PrefabAsset: {fileID: 0}
  m_GameObject: {fileID: 0}
  m_Enabled: 1
  m_EditorHideFlags: 0
  m_Script: {fileID: 11500000, guid: 50235d8205fb4f244b91bc5187de6a90, type: 3}
  m_Name: Simple
  m_EditorClassIdentifier: 
  graph: {fileID: 11400000}
  position: {x: 504, y: -72}
  ports:
    keys:
    - enter
    - exit
    values:
    - _fieldName: enter
      _node: {fileID: -3021948560851820995}
      _typeQualifiedName: CITG.xNodeGraphes.SQLQueryGraphSystem.SQLQueryNode+Empty,
        Assembly-CSharp, Version=0.0.0.0, Culture=neutral, PublicKeyToken=null
      connections:
      - fieldName: exit
        node: {fileID: 2925441933042988996}
        reroutePoints: []
      _direction: 0
      _connectionType: 0
      _typeConstraint: 0
      _dynamic: 0
    - _fieldName: exit
      _node: {fileID: -3021948560851820995}
      _typeQualifiedName: CITG.xNodeGraphes.SQLQueryGraphSystem.SQLQueryNode+Empty,
        Assembly-CSharp, Version=0.0.0.0, Culture=neutral, PublicKeyToken=null
      connections:
      - fieldName: enter
        node: {fileID: -6332109426878612832}
        reroutePoints: []
      _direction: 1
      _connectionType: 0
      _typeConstraint: 0
      _dynamic: 0
  fragment: "\u043F\u043E\u0434\u0440\u0430\u0437\u0434\u0435\u043B\u0435\u043D\u0438\u044F"
--- !u!114 &-481205207475988097
MonoBehaviour:
  m_ObjectHideFlags: 0
  m_CorrespondingSourceObject: {fileID: 0}
  m_PrefabInstance: {fileID: 0}
  m_PrefabAsset: {fileID: 0}
  m_GameObject: {fileID: 0}
  m_Enabled: 1
  m_EditorHideFlags: 0
  m_Script: {fileID: 11500000, guid: 50235d8205fb4f244b91bc5187de6a90, type: 3}
  m_Name: Simple
  m_EditorClassIdentifier: 
  graph: {fileID: 11400000}
  position: {x: 1528, y: -136}
  ports:
    keys:
    - enter
    - exit
    values:
    - _fieldName: enter
      _node: {fileID: -481205207475988097}
      _typeQualifiedName: CITG.xNodeGraphes.SQLQueryGraphSystem.SQLQueryNode+Empty,
        Assembly-CSharp, Version=0.0.0.0, Culture=neutral, PublicKeyToken=null
      connections:
      - fieldName: exit
        node: {fileID: 7095619526419251637}
        reroutePoints: []
      _direction: 0
      _connectionType: 0
      _typeConstraint: 0
      _dynamic: 0
    - _fieldName: exit
      _node: {fileID: -481205207475988097}
      _typeQualifiedName: CITG.xNodeGraphes.SQLQueryGraphSystem.SQLQueryNode+Empty,
        Assembly-CSharp, Version=0.0.0.0, Culture=neutral, PublicKeyToken=null
      connections:
      - fieldName: enter
        node: {fileID: 8695717630672340217}
        reroutePoints: []
      _direction: 1
      _connectionType: 0
      _typeConstraint: 0
      _dynamic: 0
  fragment: '>'
--- !u!114 &-213922475818953662
MonoBehaviour:
  m_ObjectHideFlags: 0
  m_CorrespondingSourceObject: {fileID: 0}
  m_PrefabInstance: {fileID: 0}
  m_PrefabAsset: {fileID: 0}
  m_GameObject: {fileID: 0}
  m_Enabled: 1
  m_EditorHideFlags: 0
  m_Script: {fileID: 11500000, guid: 50235d8205fb4f244b91bc5187de6a90, type: 3}
  m_Name: Simple
  m_EditorClassIdentifier: 
  graph: {fileID: 11400000}
  position: {x: 1272, y: 56}
  ports:
    keys:
    - enter
    - exit
    values:
    - _fieldName: enter
      _node: {fileID: -213922475818953662}
      _typeQualifiedName: CITG.xNodeGraphes.SQLQueryGraphSystem.SQLQueryNode+Empty,
        Assembly-CSharp, Version=0.0.0.0, Culture=neutral, PublicKeyToken=null
      connections:
      - fieldName: andConnections
        node: {fileID: -7932690578950138964}
        reroutePoints: []
      _direction: 0
      _connectionType: 0
      _typeConstraint: 0
      _dynamic: 0
    - _fieldName: exit
      _node: {fileID: -213922475818953662}
      _typeQualifiedName: CITG.xNodeGraphes.SQLQueryGraphSystem.SQLQueryNode+Empty,
        Assembly-CSharp, Version=0.0.0.0, Culture=neutral, PublicKeyToken=null
      connections:
      - fieldName: enter
        node: {fileID: -5811929148113604889}
        reroutePoints: []
      _direction: 1
      _connectionType: 0
      _typeConstraint: 0
      _dynamic: 0
  fragment: "\u043D\u0430\u0437\u0432\u0430\u043D\u0438\u0435"
--- !u!114 &11400000
MonoBehaviour:
  m_ObjectHideFlags: 0
  m_CorrespondingSourceObject: {fileID: 0}
  m_PrefabInstance: {fileID: 0}
  m_PrefabAsset: {fileID: 0}
  m_GameObject: {fileID: 0}
  m_Enabled: 1
  m_EditorHideFlags: 0
  m_Script: {fileID: 11500000, guid: 5ca66a67fef5a0446a81badf46590eb7, type: 3}
  m_Name: SQL Query Graph 1
  m_EditorClassIdentifier: 
  nodes:
  - {fileID: 3152435296145497428}
  - {fileID: 8369100982044397070}
  - {fileID: 4544808386026359500}
  - {fileID: 2925441933042988996}
  - {fileID: -3021948560851820995}
  - {fileID: -6332109426878612832}
  - {fileID: -7932690578950138964}
  - {fileID: -213922475818953662}
  - {fileID: -5811929148113604889}
  - {fileID: -3964854334405687773}
  - {fileID: 7095619526419251637}
  - {fileID: -481205207475988097}
  - {fileID: 8695717630672340217}
  _startNode: {fileID: 3152435296145497428}
  _endNode: {fileID: -7932690578950138964}
  _currentNode: {fileID: 3152435296145497428}
  debugField: "SELECT;\u043D\u0430\u0437\u0432\u0430\u043D\u0438\u0435;\nFROM;\u043F\u043E\u0434\u0440\u0430\u0437\u0434\u0435\u043B\u0435\u043D\u0438\u044F;\nWHERE;\u043D\u0430\u0437\u0432\u0430\u043D\u0438\u0435;LIKE;'%\u0440\u0435\u043C\u043E\u043D\u0442%';\nAND;\u043A\u043E\u043B\u0438\u0447\u0435\u0441\u0442\u0432\u043E\u0441\u043E\u0442\u0440\u0443\u0434\u043D\u0438\u043A\u043E\u0432;>;20;"
--- !u!114 &2925441933042988996
MonoBehaviour:
  m_ObjectHideFlags: 0
  m_CorrespondingSourceObject: {fileID: 0}
  m_PrefabInstance: {fileID: 0}
  m_PrefabAsset: {fileID: 0}
  m_GameObject: {fileID: 0}
  m_Enabled: 1
  m_EditorHideFlags: 0
  m_Script: {fileID: 11500000, guid: 50235d8205fb4f244b91bc5187de6a90, type: 3}
  m_Name: Simple
  m_EditorClassIdentifier: 
  graph: {fileID: 11400000}
  position: {x: 248, y: -72}
  ports:
    keys:
    - enter
    - exit
    values:
    - _fieldName: enter
      _node: {fileID: 2925441933042988996}
      _typeQualifiedName: CITG.xNodeGraphes.SQLQueryGraphSystem.SQLQueryNode+Empty,
        Assembly-CSharp, Version=0.0.0.0, Culture=neutral, PublicKeyToken=null
      connections:
      - fieldName: exit
        node: {fileID: 4544808386026359500}
        reroutePoints: []
      _direction: 0
      _connectionType: 0
      _typeConstraint: 0
      _dynamic: 0
    - _fieldName: exit
      _node: {fileID: 2925441933042988996}
      _typeQualifiedName: CITG.xNodeGraphes.SQLQueryGraphSystem.SQLQueryNode+Empty,
        Assembly-CSharp, Version=0.0.0.0, Culture=neutral, PublicKeyToken=null
      connections:
      - fieldName: enter
        node: {fileID: -3021948560851820995}
        reroutePoints: []
      _direction: 1
      _connectionType: 0
      _typeConstraint: 0
      _dynamic: 0
  fragment: FROM
--- !u!114 &3152435296145497428
MonoBehaviour:
  m_ObjectHideFlags: 0
  m_CorrespondingSourceObject: {fileID: 0}
  m_PrefabInstance: {fileID: 0}
  m_PrefabAsset: {fileID: 0}
  m_GameObject: {fileID: 0}
  m_Enabled: 1
  m_EditorHideFlags: 0
  m_Script: {fileID: 11500000, guid: 870a9bc4960f81346a168f0f243a0227, type: 3}
  m_Name: Start
  m_EditorClassIdentifier: 
  graph: {fileID: 11400000}
  position: {x: -520, y: -72}
  ports:
    keys:
    - enter
    - exit
    values:
    - _fieldName: enter
      _node: {fileID: 3152435296145497428}
      _typeQualifiedName: CITG.xNodeGraphes.SQLQueryGraphSystem.SQLQueryNode+Empty,
        Assembly-CSharp, Version=0.0.0.0, Culture=neutral, PublicKeyToken=null
      connections: []
      _direction: 0
      _connectionType: 0
      _typeConstraint: 0
      _dynamic: 0
    - _fieldName: exit
      _node: {fileID: 3152435296145497428}
      _typeQualifiedName: CITG.xNodeGraphes.SQLQueryGraphSystem.SQLQueryNode+Empty,
        Assembly-CSharp, Version=0.0.0.0, Culture=neutral, PublicKeyToken=null
      connections:
      - fieldName: enter
        node: {fileID: 8369100982044397070}
        reroutePoints: []
      _direction: 1
      _connectionType: 0
      _typeConstraint: 0
      _dynamic: 0
--- !u!114 &4544808386026359500
MonoBehaviour:
  m_ObjectHideFlags: 0
  m_CorrespondingSourceObject: {fileID: 0}
  m_PrefabInstance: {fileID: 0}
  m_PrefabAsset: {fileID: 0}
  m_GameObject: {fileID: 0}
  m_Enabled: 1
  m_EditorHideFlags: 0
  m_Script: {fileID: 11500000, guid: 50235d8205fb4f244b91bc5187de6a90, type: 3}
  m_Name: Simple
  m_EditorClassIdentifier: 
  graph: {fileID: 11400000}
  position: {x: -8, y: -72}
  ports:
    keys:
    - enter
    - exit
    values:
    - _fieldName: enter
      _node: {fileID: 4544808386026359500}
      _typeQualifiedName: CITG.xNodeGraphes.SQLQueryGraphSystem.SQLQueryNode+Empty,
        Assembly-CSharp, Version=0.0.0.0, Culture=neutral, PublicKeyToken=null
      connections:
      - fieldName: exit
        node: {fileID: 8369100982044397070}
        reroutePoints: []
      _direction: 0
      _connectionType: 0
      _typeConstraint: 0
      _dynamic: 0
    - _fieldName: exit
      _node: {fileID: 4544808386026359500}
      _typeQualifiedName: CITG.xNodeGraphes.SQLQueryGraphSystem.SQLQueryNode+Empty,
        Assembly-CSharp, Version=0.0.0.0, Culture=neutral, PublicKeyToken=null
      connections:
      - fieldName: enter
        node: {fileID: 2925441933042988996}
        reroutePoints: []
      _direction: 1
      _connectionType: 0
      _typeConstraint: 0
      _dynamic: 0
  fragment: "\u043D\u0430\u0437\u0432\u0430\u043D\u0438\u0435"
--- !u!114 &7095619526419251637
MonoBehaviour:
  m_ObjectHideFlags: 0
  m_CorrespondingSourceObject: {fileID: 0}
  m_PrefabInstance: {fileID: 0}
  m_PrefabAsset: {fileID: 0}
  m_GameObject: {fileID: 0}
  m_Enabled: 1
  m_EditorHideFlags: 0
  m_Script: {fileID: 11500000, guid: 50235d8205fb4f244b91bc5187de6a90, type: 3}
  m_Name: Simple
  m_EditorClassIdentifier: 
  graph: {fileID: 11400000}
  position: {x: 1272, y: -136}
  ports:
    keys:
    - enter
    - exit
    values:
    - _fieldName: enter
      _node: {fileID: 7095619526419251637}
      _typeQualifiedName: CITG.xNodeGraphes.SQLQueryGraphSystem.SQLQueryNode+Empty,
        Assembly-CSharp, Version=0.0.0.0, Culture=neutral, PublicKeyToken=null
      connections:
      - fieldName: andConnections
        node: {fileID: -7932690578950138964}
        reroutePoints: []
      _direction: 0
      _connectionType: 0
      _typeConstraint: 0
      _dynamic: 0
    - _fieldName: exit
      _node: {fileID: 7095619526419251637}
      _typeQualifiedName: CITG.xNodeGraphes.SQLQueryGraphSystem.SQLQueryNode+Empty,
        Assembly-CSharp, Version=0.0.0.0, Culture=neutral, PublicKeyToken=null
      connections:
      - fieldName: enter
        node: {fileID: -481205207475988097}
        reroutePoints: []
      _direction: 1
      _connectionType: 0
      _typeConstraint: 0
      _dynamic: 0
  fragment: "\u043A\u043E\u043B\u0438\u0447\u0435\u0441\u0442\u0432\u043E\u0441\u043E\u0442\u0440\u0443\u0434\u043D\u0438\u043A\u043E\u0432"
--- !u!114 &8369100982044397070
MonoBehaviour:
  m_ObjectHideFlags: 0
  m_CorrespondingSourceObject: {fileID: 0}
  m_PrefabInstance: {fileID: 0}
  m_PrefabAsset: {fileID: 0}
  m_GameObject: {fileID: 0}
  m_Enabled: 1
  m_EditorHideFlags: 0
  m_Script: {fileID: 11500000, guid: 50235d8205fb4f244b91bc5187de6a90, type: 3}
  m_Name: Simple
  m_EditorClassIdentifier: 
  graph: {fileID: 11400000}
  position: {x: -264, y: -72}
  ports:
    keys:
    - enter
    - exit
    values:
    - _fieldName: enter
      _node: {fileID: 8369100982044397070}
      _typeQualifiedName: CITG.xNodeGraphes.SQLQueryGraphSystem.SQLQueryNode+Empty,
        Assembly-CSharp, Version=0.0.0.0, Culture=neutral, PublicKeyToken=null
      connections:
      - fieldName: exit
        node: {fileID: 3152435296145497428}
        reroutePoints: []
      _direction: 0
      _connectionType: 0
      _typeConstraint: 0
      _dynamic: 0
    - _fieldName: exit
      _node: {fileID: 8369100982044397070}
      _typeQualifiedName: CITG.xNodeGraphes.SQLQueryGraphSystem.SQLQueryNode+Empty,
        Assembly-CSharp, Version=0.0.0.0, Culture=neutral, PublicKeyToken=null
      connections:
      - fieldName: enter
        node: {fileID: 4544808386026359500}
        reroutePoints: []
      _direction: 1
      _connectionType: 0
      _typeConstraint: 0
      _dynamic: 0
  fragment: SELECT
--- !u!114 &8695717630672340217
MonoBehaviour:
  m_ObjectHideFlags: 0
  m_CorrespondingSourceObject: {fileID: 0}
  m_PrefabInstance: {fileID: 0}
  m_PrefabAsset: {fileID: 0}
  m_GameObject: {fileID: 0}
  m_Enabled: 1
  m_EditorHideFlags: 0
  m_Script: {fileID: 11500000, guid: 50235d8205fb4f244b91bc5187de6a90, type: 3}
  m_Name: Simple
  m_EditorClassIdentifier: 
  graph: {fileID: 11400000}
  position: {x: 1784, y: -136}
  ports:
    keys:
    - enter
    - exit
    values:
    - _fieldName: enter
      _node: {fileID: 8695717630672340217}
      _typeQualifiedName: CITG.xNodeGraphes.SQLQueryGraphSystem.SQLQueryNode+Empty,
        Assembly-CSharp, Version=0.0.0.0, Culture=neutral, PublicKeyToken=null
      connections:
      - fieldName: exit
        node: {fileID: -481205207475988097}
        reroutePoints: []
      _direction: 0
      _connectionType: 0
      _typeConstraint: 0
      _dynamic: 0
    - _fieldName: exit
      _node: {fileID: 8695717630672340217}
      _typeQualifiedName: CITG.xNodeGraphes.SQLQueryGraphSystem.SQLQueryNode+Empty,
        Assembly-CSharp, Version=0.0.0.0, Culture=neutral, PublicKeyToken=null
      connections: []
      _direction: 1
      _connectionType: 0
      _typeConstraint: 0
      _dynamic: 0
  fragment: 20
