%YAML 1.1
%TAG !u! tag:unity3d.com,2011:
--- !u!114 &-6886519095083539768
MonoBehaviour:
  m_ObjectHideFlags: 0
  m_CorrespondingSourceObject: {fileID: 0}
  m_PrefabInstance: {fileID: 0}
  m_PrefabAsset: {fileID: 0}
  m_GameObject: {fileID: 0}
  m_Enabled: 1
  m_EditorHideFlags: 0
  m_Script: {fileID: 11500000, guid: 50235d8205fb4f244b91bc5187de6a90, type: 3}
  m_Name: Simple
  m_EditorClassIdentifier: 
  graph: {fileID: 11400000}
  position: {x: 1848, y: 344}
  ports:
    keys:
    - enter
    - exit
    values:
    - _fieldName: enter
      _node: {fileID: -6886519095083539768}
      _typeQualifiedName: CITG.xNodeGraphes.SQLQueryGraphSystem.SQLQueryNode+Empty,
        Assembly-CSharp, Version=0.0.0.0, Culture=neutral, PublicKeyToken=null
      connections:
      - fieldName: andConnections
        node: {fileID: 6785578727639906657}
        reroutePoints: []
      _direction: 0
      _connectionType: 0
      _typeConstraint: 0
      _dynamic: 0
    - _fieldName: exit
      _node: {fileID: -6886519095083539768}
      _typeQualifiedName: CITG.xNodeGraphes.SQLQueryGraphSystem.SQLQueryNode+Empty,
        Assembly-CSharp, Version=0.0.0.0, Culture=neutral, PublicKeyToken=null
      connections:
      - fieldName: enter
        node: {fileID: 8691791019081072805}
        reroutePoints: []
      _direction: 1
      _connectionType: 0
      _typeConstraint: 0
      _dynamic: 0
  fragment: "YEAR(\u0434\u0430\u0442\u0430)"
--- !u!114 &-6369520059742691162
MonoBehaviour:
  m_ObjectHideFlags: 0
  m_CorrespondingSourceObject: {fileID: 0}
  m_PrefabInstance: {fileID: 0}
  m_PrefabAsset: {fileID: 0}
  m_GameObject: {fileID: 0}
  m_Enabled: 1
  m_EditorHideFlags: 0
  m_Script: {fileID: 11500000, guid: 50235d8205fb4f244b91bc5187de6a90, type: 3}
  m_Name: Simple
  m_EditorClassIdentifier: 
  graph: {fileID: 11400000}
  position: {x: 1208, y: -72}
  ports:
    keys:
    - enter
    - exit
    values:
    - _fieldName: enter
      _node: {fileID: -6369520059742691162}
      _typeQualifiedName: CITG.xNodeGraphes.SQLQueryGraphSystem.SQLQueryNode+Empty,
        Assembly-CSharp, Version=0.0.0.0, Culture=neutral, PublicKeyToken=null
      connections:
      - fieldName: exit
        node: {fileID: -386771521097696245}
        reroutePoints: []
      _direction: 0
      _connectionType: 0
      _typeConstraint: 0
      _dynamic: 0
    - _fieldName: exit
      _node: {fileID: -6369520059742691162}
      _typeQualifiedName: CITG.xNodeGraphes.SQLQueryGraphSystem.SQLQueryNode+Empty,
        Assembly-CSharp, Version=0.0.0.0, Culture=neutral, PublicKeyToken=null
      connections:
      - fieldName: enter
        node: {fileID: 6785578727639906657}
        reroutePoints: []
      _direction: 1
      _connectionType: 0
      _typeConstraint: 0
      _dynamic: 0
  fragment: WHERE
--- !u!114 &-4076890456391800237
MonoBehaviour:
  m_ObjectHideFlags: 0
  m_CorrespondingSourceObject: {fileID: 0}
  m_PrefabInstance: {fileID: 0}
  m_PrefabAsset: {fileID: 0}
  m_GameObject: {fileID: 0}
  m_Enabled: 1
  m_EditorHideFlags: 0
  m_Script: {fileID: 11500000, guid: 86b627556da784442be6ecd44c7563a0, type: 3}
  m_Name: Symmetric
  m_EditorClassIdentifier: 
  graph: {fileID: 11400000}
  position: {x: 1848, y: -200}
  ports:
    keys:
    - enter
    - exit
    values:
    - _fieldName: enter
      _node: {fileID: -4076890456391800237}
      _typeQualifiedName: CITG.xNodeGraphes.SQLQueryGraphSystem.SQLQueryNode+Empty,
        Assembly-CSharp, Version=0.0.0.0, Culture=neutral, PublicKeyToken=null
      connections:
      - fieldName: andConnections
        node: {fileID: 6785578727639906657}
        reroutePoints: []
      _direction: 0
      _connectionType: 0
      _typeConstraint: 0
      _dynamic: 0
    - _fieldName: exit
      _node: {fileID: -4076890456391800237}
      _typeQualifiedName: CITG.xNodeGraphes.SQLQueryGraphSystem.SQLQueryNode+Empty,
        Assembly-CSharp, Version=0.0.0.0, Culture=neutral, PublicKeyToken=null
      connections: []
      _direction: 1
      _connectionType: 0
      _typeConstraint: 0
      _dynamic: 0
  firstFragment: "\u0434\u0438\u0441\u0446\u0438\u043F\u043B\u0438\u043D\u044B.\u043A\u043E\u0434\u0434\u0438\u0441\u0446\u0438\u043F\u043B\u0438\u043D\u044B"
  secondFragment: "\u0441\u0435\u0441\u0441\u0438\u0438.\u043A\u043E\u0434\u0434\u0438\u0441\u0446\u0438\u043F\u043B\u0438\u043D\u044B"
  middleFragment: =
--- !u!114 &-3702292490282468535
MonoBehaviour:
  m_ObjectHideFlags: 0
  m_CorrespondingSourceObject: {fileID: 0}
  m_PrefabInstance: {fileID: 0}
  m_PrefabAsset: {fileID: 0}
  m_GameObject: {fileID: 0}
  m_Enabled: 1
  m_EditorHideFlags: 0
  m_Script: {fileID: 11500000, guid: 50235d8205fb4f244b91bc5187de6a90, type: 3}
  m_Name: Simple
  m_EditorClassIdentifier: 
  graph: {fileID: 11400000}
  position: {x: 696, y: 72}
  ports:
    keys:
    - enter
    - exit
    values:
    - _fieldName: enter
      _node: {fileID: -3702292490282468535}
      _typeQualifiedName: CITG.xNodeGraphes.SQLQueryGraphSystem.SQLQueryNode+Empty,
        Assembly-CSharp, Version=0.0.0.0, Culture=neutral, PublicKeyToken=null
      connections:
      - fieldName: exit
        node: {fileID: 269732656494526663}
        reroutePoints: []
      _direction: 0
      _connectionType: 0
      _typeConstraint: 0
      _dynamic: 0
    - _fieldName: exit
      _node: {fileID: -3702292490282468535}
      _typeQualifiedName: CITG.xNodeGraphes.SQLQueryGraphSystem.SQLQueryNode+Empty,
        Assembly-CSharp, Version=0.0.0.0, Culture=neutral, PublicKeyToken=null
      connections:
      - fieldName: enter
        node: {fileID: -386771521097696245}
        reroutePoints: []
      _direction: 1
      _connectionType: 0
      _typeConstraint: 0
      _dynamic: 0
  fragment: "\u0441\u0442\u0443\u0434\u0435\u043D\u0442\u044B,"
--- !u!114 &-3658444449566629303
MonoBehaviour:
  m_ObjectHideFlags: 0
  m_CorrespondingSourceObject: {fileID: 0}
  m_PrefabInstance: {fileID: 0}
  m_PrefabAsset: {fileID: 0}
  m_GameObject: {fileID: 0}
  m_Enabled: 1
  m_EditorHideFlags: 0
  m_Script: {fileID: 11500000, guid: 50235d8205fb4f244b91bc5187de6a90, type: 3}
  m_Name: Simple
  m_EditorClassIdentifier: 
  graph: {fileID: 11400000}
  position: {x: 696, y: -184}
  ports:
    keys:
    - enter
    - exit
    values:
    - _fieldName: enter
      _node: {fileID: -3658444449566629303}
      _typeQualifiedName: CITG.xNodeGraphes.SQLQueryGraphSystem.SQLQueryNode+Empty,
        Assembly-CSharp, Version=0.0.0.0, Culture=neutral, PublicKeyToken=null
      connections:
      - fieldName: exit
        node: {fileID: 1693660819210302642}
        reroutePoints: []
      _direction: 0
      _connectionType: 0
      _typeConstraint: 0
      _dynamic: 0
    - _fieldName: exit
      _node: {fileID: -3658444449566629303}
      _typeQualifiedName: CITG.xNodeGraphes.SQLQueryGraphSystem.SQLQueryNode+Empty,
        Assembly-CSharp, Version=0.0.0.0, Culture=neutral, PublicKeyToken=null
      connections:
      - fieldName: enter
        node: {fileID: -386771521097696245}
        reroutePoints: []
      _direction: 1
      _connectionType: 0
      _typeConstraint: 0
      _dynamic: 0
  fragment: "\u0434\u0438\u0441\u0446\u0438\u043F\u043B\u0438\u043D\u044B,"
--- !u!114 &-2674833032485090760
MonoBehaviour:
  m_ObjectHideFlags: 0
  m_CorrespondingSourceObject: {fileID: 0}
  m_PrefabInstance: {fileID: 0}
  m_PrefabAsset: {fileID: 0}
  m_GameObject: {fileID: 0}
  m_Enabled: 1
  m_EditorHideFlags: 0
  m_Script: {fileID: 11500000, guid: 86b627556da784442be6ecd44c7563a0, type: 3}
  m_Name: Symmetric
  m_EditorClassIdentifier: 
  graph: {fileID: 11400000}
  position: {x: 1848, y: -8}
  ports:
    keys:
    - enter
    - exit
    values:
    - _fieldName: enter
      _node: {fileID: -2674833032485090760}
      _typeQualifiedName: CITG.xNodeGraphes.SQLQueryGraphSystem.SQLQueryNode+Empty,
        Assembly-CSharp, Version=0.0.0.0, Culture=neutral, PublicKeyToken=null
      connections:
      - fieldName: andConnections
        node: {fileID: 6785578727639906657}
        reroutePoints: []
      _direction: 0
      _connectionType: 0
      _typeConstraint: 0
      _dynamic: 0
    - _fieldName: exit
      _node: {fileID: -2674833032485090760}
      _typeQualifiedName: CITG.xNodeGraphes.SQLQueryGraphSystem.SQLQueryNode+Empty,
        Assembly-CSharp, Version=0.0.0.0, Culture=neutral, PublicKeyToken=null
      connections: []
      _direction: 1
      _connectionType: 0
      _typeConstraint: 0
      _dynamic: 0
  firstFragment: "\u043E\u0446\u0435\u043D\u043A\u0430"
  secondFragment: 5
  middleFragment: =
--- !u!114 &-1503978782934331245
MonoBehaviour:
  m_ObjectHideFlags: 0
  m_CorrespondingSourceObject: {fileID: 0}
  m_PrefabInstance: {fileID: 0}
  m_PrefabAsset: {fileID: 0}
  m_GameObject: {fileID: 0}
  m_Enabled: 1
  m_EditorHideFlags: 0
  m_Script: {fileID: 11500000, guid: 50235d8205fb4f244b91bc5187de6a90, type: 3}
  m_Name: Simple
  m_EditorClassIdentifier: 
  graph: {fileID: 11400000}
  position: {x: -328, y: -72}
  ports:
    keys:
    - enter
    - exit
    values:
    - _fieldName: enter
      _node: {fileID: -1503978782934331245}
      _typeQualifiedName: CITG.xNodeGraphes.SQLQueryGraphSystem.SQLQueryNode+Empty,
        Assembly-CSharp, Version=0.0.0.0, Culture=neutral, PublicKeyToken=null
      connections:
      - fieldName: exit
        node: {fileID: 503026174402231775}
        reroutePoints: []
      _direction: 0
      _connectionType: 0
      _typeConstraint: 0
      _dynamic: 0
    - _fieldName: exit
      _node: {fileID: -1503978782934331245}
      _typeQualifiedName: CITG.xNodeGraphes.SQLQueryGraphSystem.SQLQueryNode+Empty,
        Assembly-CSharp, Version=0.0.0.0, Culture=neutral, PublicKeyToken=null
      connections:
      - fieldName: enter
        node: {fileID: 3077091666976542313}
        reroutePoints: []
      _direction: 1
      _connectionType: 0
      _typeConstraint: 0
      _dynamic: 0
  fragment: "\u0444\u0438\u043E,"
--- !u!114 &-386771521097696245
MonoBehaviour:
  m_ObjectHideFlags: 0
  m_CorrespondingSourceObject: {fileID: 0}
  m_PrefabInstance: {fileID: 0}
  m_PrefabAsset: {fileID: 0}
  m_GameObject: {fileID: 0}
  m_Enabled: 1
  m_EditorHideFlags: 0
  m_Script: {fileID: 11500000, guid: 50235d8205fb4f244b91bc5187de6a90, type: 3}
  m_Name: Simple
  m_EditorClassIdentifier: 
  graph: {fileID: 11400000}
  position: {x: 952, y: -72}
  ports:
    keys:
    - enter
    - exit
    values:
    - _fieldName: enter
      _node: {fileID: -386771521097696245}
      _typeQualifiedName: CITG.xNodeGraphes.SQLQueryGraphSystem.SQLQueryNode+Empty,
        Assembly-CSharp, Version=0.0.0.0, Culture=neutral, PublicKeyToken=null
      connections:
      - fieldName: exit
        node: {fileID: -3702292490282468535}
        reroutePoints: []
      - fieldName: exit
        node: {fileID: -3658444449566629303}
        reroutePoints: []
      _direction: 0
      _connectionType: 0
      _typeConstraint: 0
      _dynamic: 0
    - _fieldName: exit
      _node: {fileID: -386771521097696245}
      _typeQualifiedName: CITG.xNodeGraphes.SQLQueryGraphSystem.SQLQueryNode+Empty,
        Assembly-CSharp, Version=0.0.0.0, Culture=neutral, PublicKeyToken=null
      connections:
      - fieldName: enter
        node: {fileID: -6369520059742691162}
        reroutePoints: []
      _direction: 1
      _connectionType: 0
      _typeConstraint: 0
      _dynamic: 0
  fragment: "\u0441\u0435\u0441\u0441\u0438\u0438"
--- !u!114 &11400000
MonoBehaviour:
  m_ObjectHideFlags: 0
  m_CorrespondingSourceObject: {fileID: 0}
  m_PrefabInstance: {fileID: 0}
  m_PrefabAsset: {fileID: 0}
  m_GameObject: {fileID: 0}
  m_Enabled: 1
  m_EditorHideFlags: 0
  m_Script: {fileID: 11500000, guid: 5ca66a67fef5a0446a81badf46590eb7, type: 3}
  m_Name: SQL Query Graph 6
  m_EditorClassIdentifier: 
  nodes:
  - {fileID: 3152435296145497428}
  - {fileID: -1503978782934331245}
  - {fileID: 3077091666976542313}
  - {fileID: 5349077522431512502}
  - {fileID: 1693660819210302642}
  - {fileID: 269732656494526663}
  - {fileID: -3658444449566629303}
  - {fileID: -3702292490282468535}
  - {fileID: -386771521097696245}
  - {fileID: -6369520059742691162}
  - {fileID: 6785578727639906657}
  - {fileID: 1366392291709567228}
  - {fileID: -4076890456391800237}
  - {fileID: 1143962785064771518}
  - {fileID: 8364707588261589921}
  - {fileID: 7849089479578507057}
  - {fileID: 503026174402231775}
  - {fileID: -2674833032485090760}
  - {fileID: -6886519095083539768}
  - {fileID: 8691791019081072805}
  - {fileID: 2880794651108484153}
  _startNode: {fileID: 3152435296145497428}
  _endNode: {fileID: 6785578727639906657}
  _currentNode: {fileID: 6785578727639906657}
  debugField: "SELECT;\u0444\u0438\u043E,;\u043D\u0430\u0437\u0432\u0430\u043D\u0438\u0435\r;\nFROM;\u0441\u0442\u0443\u0434\u0435\u043D\u0442\u044B,;\u0434\u0438\u0441\u0446\u0438\u043F\u043B\u0438\u043D\u044B,;\u0441\u0435\u0441\u0441\u0438\u0438\r;\nWHERE;\u0441\u0442\u0443\u0434\u0435\u043D\u0442\u044B.\u043A\u043E\u0434\u0441\u0442\u0443\u0434\u0435\u043D\u0442\u0430;=;\u0441\u0435\u0441\u0441\u0438\u0438.\u043A\u043E\u0434\u0441\u0442\u0443\u0434\u0435\u043D\u0442\u0430;\nAND;\u0434\u0438\u0441\u0446\u0438\u043F\u043B\u0438\u043D\u044B.\u043A\u043E\u0434\u0434\u0438\u0441\u0446\u0438\u043F\u043B\u0438\u043D\u044B;=;\u0441\u0435\u0441\u0441\u0438\u0438.\u043A\u043E\u0434\u0434\u0438\u0441\u0446\u0438\u043F\u043B\u0438\u043D\u044B;\nAND;\u043E\u0446\u0435\u043D\u043A\u0430;=;5;\nAND;MONTH(\u0434\u0430\u0442\u0430);IN;(1,2,12);\nAND;YEAR(\u0434\u0430\u0442\u0430);IN;(2021,
    2022)\r;"
--- !u!114 &269732656494526663
MonoBehaviour:
  m_ObjectHideFlags: 0
  m_CorrespondingSourceObject: {fileID: 0}
  m_PrefabInstance: {fileID: 0}
  m_PrefabAsset: {fileID: 0}
  m_GameObject: {fileID: 0}
  m_Enabled: 1
  m_EditorHideFlags: 0
  m_Script: {fileID: 11500000, guid: 50235d8205fb4f244b91bc5187de6a90, type: 3}
  m_Name: Simple
  m_EditorClassIdentifier: 
  graph: {fileID: 11400000}
  position: {x: 440, y: 72}
  ports:
    keys:
    - enter
    - exit
    values:
    - _fieldName: enter
      _node: {fileID: 269732656494526663}
      _typeQualifiedName: CITG.xNodeGraphes.SQLQueryGraphSystem.SQLQueryNode+Empty,
        Assembly-CSharp, Version=0.0.0.0, Culture=neutral, PublicKeyToken=null
      connections:
      - fieldName: exit
        node: {fileID: 5349077522431512502}
        reroutePoints: []
      _direction: 0
      _connectionType: 0
      _typeConstraint: 0
      _dynamic: 0
    - _fieldName: exit
      _node: {fileID: 269732656494526663}
      _typeQualifiedName: CITG.xNodeGraphes.SQLQueryGraphSystem.SQLQueryNode+Empty,
        Assembly-CSharp, Version=0.0.0.0, Culture=neutral, PublicKeyToken=null
      connections:
      - fieldName: enter
        node: {fileID: -3702292490282468535}
        reroutePoints: []
      _direction: 1
      _connectionType: 0
      _typeConstraint: 0
      _dynamic: 0
  fragment: "\u0434\u0438\u0441\u0446\u0438\u043F\u043B\u0438\u043D\u044B,"
--- !u!114 &503026174402231775
MonoBehaviour:
  m_ObjectHideFlags: 0
  m_CorrespondingSourceObject: {fileID: 0}
  m_PrefabInstance: {fileID: 0}
  m_PrefabAsset: {fileID: 0}
  m_GameObject: {fileID: 0}
  m_Enabled: 1
  m_EditorHideFlags: 0
  m_Script: {fileID: 11500000, guid: 50235d8205fb4f244b91bc5187de6a90, type: 3}
  m_Name: Simple
  m_EditorClassIdentifier: 
  graph: {fileID: 11400000}
  position: {x: -584, y: -72}
  ports:
    keys:
    - enter
    - exit
    values:
    - _fieldName: enter
      _node: {fileID: 503026174402231775}
      _typeQualifiedName: CITG.xNodeGraphes.SQLQueryGraphSystem.SQLQueryNode+Empty,
        Assembly-CSharp, Version=0.0.0.0, Culture=neutral, PublicKeyToken=null
      connections:
      - fieldName: exit
        node: {fileID: 3152435296145497428}
        reroutePoints: []
      _direction: 0
      _connectionType: 0
      _typeConstraint: 0
      _dynamic: 0
    - _fieldName: exit
      _node: {fileID: 503026174402231775}
      _typeQualifiedName: CITG.xNodeGraphes.SQLQueryGraphSystem.SQLQueryNode+Empty,
        Assembly-CSharp, Version=0.0.0.0, Culture=neutral, PublicKeyToken=null
      connections:
      - fieldName: enter
        node: {fileID: -1503978782934331245}
        reroutePoints: []
      _direction: 1
      _connectionType: 0
      _typeConstraint: 0
      _dynamic: 0
  fragment: SELECT
--- !u!114 &1143962785064771518
MonoBehaviour:
  m_ObjectHideFlags: 0
  m_CorrespondingSourceObject: {fileID: 0}
  m_PrefabInstance: {fileID: 0}
  m_PrefabAsset: {fileID: 0}
  m_GameObject: {fileID: 0}
  m_Enabled: 1
  m_EditorHideFlags: 0
  m_Script: {fileID: 11500000, guid: 50235d8205fb4f244b91bc5187de6a90, type: 3}
  m_Name: Simple
  m_EditorClassIdentifier: 
  graph: {fileID: 11400000}
  position: {x: 1848, y: 184}
  ports:
    keys:
    - enter
    - exit
    values:
    - _fieldName: enter
      _node: {fileID: 1143962785064771518}
      _typeQualifiedName: CITG.xNodeGraphes.SQLQueryGraphSystem.SQLQueryNode+Empty,
        Assembly-CSharp, Version=0.0.0.0, Culture=neutral, PublicKeyToken=null
      connections:
      - fieldName: andConnections
        node: {fileID: 6785578727639906657}
        reroutePoints: []
      _direction: 0
      _connectionType: 0
      _typeConstraint: 0
      _dynamic: 0
    - _fieldName: exit
      _node: {fileID: 1143962785064771518}
      _typeQualifiedName: CITG.xNodeGraphes.SQLQueryGraphSystem.SQLQueryNode+Empty,
        Assembly-CSharp, Version=0.0.0.0, Culture=neutral, PublicKeyToken=null
      connections:
      - fieldName: enter
        node: {fileID: 8364707588261589921}
        reroutePoints: []
      _direction: 1
      _connectionType: 0
      _typeConstraint: 0
      _dynamic: 0
  fragment: "MONTH(\u0434\u0430\u0442\u0430)"
--- !u!114 &1366392291709567228
MonoBehaviour:
  m_ObjectHideFlags: 0
  m_CorrespondingSourceObject: {fileID: 0}
  m_PrefabInstance: {fileID: 0}
  m_PrefabAsset: {fileID: 0}
  m_GameObject: {fileID: 0}
  m_Enabled: 1
  m_EditorHideFlags: 0
  m_Script: {fileID: 11500000, guid: 86b627556da784442be6ecd44c7563a0, type: 3}
  m_Name: Symmetric
  m_EditorClassIdentifier: 
  graph: {fileID: 11400000}
  position: {x: 1848, y: -392}
  ports:
    keys:
    - enter
    - exit
    values:
    - _fieldName: enter
      _node: {fileID: 1366392291709567228}
      _typeQualifiedName: CITG.xNodeGraphes.SQLQueryGraphSystem.SQLQueryNode+Empty,
        Assembly-CSharp, Version=0.0.0.0, Culture=neutral, PublicKeyToken=null
      connections:
      - fieldName: andConnections
        node: {fileID: 6785578727639906657}
        reroutePoints: []
      _direction: 0
      _connectionType: 0
      _typeConstraint: 0
      _dynamic: 0
    - _fieldName: exit
      _node: {fileID: 1366392291709567228}
      _typeQualifiedName: CITG.xNodeGraphes.SQLQueryGraphSystem.SQLQueryNode+Empty,
        Assembly-CSharp, Version=0.0.0.0, Culture=neutral, PublicKeyToken=null
      connections: []
      _direction: 1
      _connectionType: 0
      _typeConstraint: 0
      _dynamic: 0
  firstFragment: "\u0441\u0442\u0443\u0434\u0435\u043D\u0442\u044B.\u043A\u043E\u0434\u0441\u0442\u0443\u0434\u0435\u043D\u0442\u0430"
  secondFragment: "\u0441\u0435\u0441\u0441\u0438\u0438.\u043A\u043E\u0434\u0441\u0442\u0443\u0434\u0435\u043D\u0442\u0430"
  middleFragment: =
--- !u!114 &1693660819210302642
MonoBehaviour:
  m_ObjectHideFlags: 0
  m_CorrespondingSourceObject: {fileID: 0}
  m_PrefabInstance: {fileID: 0}
  m_PrefabAsset: {fileID: 0}
  m_GameObject: {fileID: 0}
  m_Enabled: 1
  m_EditorHideFlags: 0
  m_Script: {fileID: 11500000, guid: 50235d8205fb4f244b91bc5187de6a90, type: 3}
  m_Name: Simple
  m_EditorClassIdentifier: 
  graph: {fileID: 11400000}
  position: {x: 440, y: -184}
  ports:
    keys:
    - enter
    - exit
    values:
    - _fieldName: enter
      _node: {fileID: 1693660819210302642}
      _typeQualifiedName: CITG.xNodeGraphes.SQLQueryGraphSystem.SQLQueryNode+Empty,
        Assembly-CSharp, Version=0.0.0.0, Culture=neutral, PublicKeyToken=null
      connections:
      - fieldName: exit
        node: {fileID: 5349077522431512502}
        reroutePoints: []
      _direction: 0
      _connectionType: 0
      _typeConstraint: 0
      _dynamic: 0
    - _fieldName: exit
      _node: {fileID: 1693660819210302642}
      _typeQualifiedName: CITG.xNodeGraphes.SQLQueryGraphSystem.SQLQueryNode+Empty,
        Assembly-CSharp, Version=0.0.0.0, Culture=neutral, PublicKeyToken=null
      connections:
      - fieldName: enter
        node: {fileID: -3658444449566629303}
        reroutePoints: []
      _direction: 1
      _connectionType: 0
      _typeConstraint: 0
      _dynamic: 0
  fragment: "\u0441\u0442\u0443\u0434\u0435\u043D\u0442\u044B,"
--- !u!114 &2880794651108484153
MonoBehaviour:
  m_ObjectHideFlags: 0
  m_CorrespondingSourceObject: {fileID: 0}
  m_PrefabInstance: {fileID: 0}
  m_PrefabAsset: {fileID: 0}
  m_GameObject: {fileID: 0}
  m_Enabled: 1
  m_EditorHideFlags: 0
  m_Script: {fileID: 11500000, guid: 50235d8205fb4f244b91bc5187de6a90, type: 3}
  m_Name: Simple
  m_EditorClassIdentifier: 
  graph: {fileID: 11400000}
  position: {x: 2360, y: 344}
  ports:
    keys:
    - enter
    - exit
    values:
    - _fieldName: enter
      _node: {fileID: 2880794651108484153}
      _typeQualifiedName: CITG.xNodeGraphes.SQLQueryGraphSystem.SQLQueryNode+Empty,
        Assembly-CSharp, Version=0.0.0.0, Culture=neutral, PublicKeyToken=null
      connections:
      - fieldName: exit
        node: {fileID: 8691791019081072805}
        reroutePoints: []
      _direction: 0
      _connectionType: 0
      _typeConstraint: 0
      _dynamic: 0
    - _fieldName: exit
      _node: {fileID: 2880794651108484153}
      _typeQualifiedName: CITG.xNodeGraphes.SQLQueryGraphSystem.SQLQueryNode+Empty,
        Assembly-CSharp, Version=0.0.0.0, Culture=neutral, PublicKeyToken=null
      connections: []
      _direction: 1
      _connectionType: 0
      _typeConstraint: 0
      _dynamic: 0
  fragment: (2021, 2022)
--- !u!114 &3077091666976542313
MonoBehaviour:
  m_ObjectHideFlags: 0
  m_CorrespondingSourceObject: {fileID: 0}
  m_PrefabInstance: {fileID: 0}
  m_PrefabAsset: {fileID: 0}
  m_GameObject: {fileID: 0}
  m_Enabled: 1
  m_EditorHideFlags: 0
  m_Script: {fileID: 11500000, guid: 50235d8205fb4f244b91bc5187de6a90, type: 3}
  m_Name: Simple
  m_EditorClassIdentifier: 
  graph: {fileID: 11400000}
  position: {x: -72, y: -72}
  ports:
    keys:
    - enter
    - exit
    values:
    - _fieldName: enter
      _node: {fileID: 3077091666976542313}
      _typeQualifiedName: CITG.xNodeGraphes.SQLQueryGraphSystem.SQLQueryNode+Empty,
        Assembly-CSharp, Version=0.0.0.0, Culture=neutral, PublicKeyToken=null
      connections:
      - fieldName: exit
        node: {fileID: -1503978782934331245}
        reroutePoints: []
      _direction: 0
      _connectionType: 0
      _typeConstraint: 0
      _dynamic: 0
    - _fieldName: exit
      _node: {fileID: 3077091666976542313}
      _typeQualifiedName: CITG.xNodeGraphes.SQLQueryGraphSystem.SQLQueryNode+Empty,
        Assembly-CSharp, Version=0.0.0.0, Culture=neutral, PublicKeyToken=null
      connections:
      - fieldName: enter
        node: {fileID: 5349077522431512502}
        reroutePoints: []
      _direction: 1
      _connectionType: 0
      _typeConstraint: 0
      _dynamic: 0
  fragment: "\u043D\u0430\u0437\u0432\u0430\u043D\u0438\u0435"
--- !u!114 &3152435296145497428
MonoBehaviour:
  m_ObjectHideFlags: 0
  m_CorrespondingSourceObject: {fileID: 0}
  m_PrefabInstance: {fileID: 0}
  m_PrefabAsset: {fileID: 0}
  m_GameObject: {fileID: 0}
  m_Enabled: 1
  m_EditorHideFlags: 0
  m_Script: {fileID: 11500000, guid: 870a9bc4960f81346a168f0f243a0227, type: 3}
  m_Name: Start
  m_EditorClassIdentifier: 
  graph: {fileID: 11400000}
  position: {x: -840, y: -72}
  ports:
    keys:
    - enter
    - exit
    values:
    - _fieldName: enter
      _node: {fileID: 3152435296145497428}
      _typeQualifiedName: CITG.xNodeGraphes.SQLQueryGraphSystem.SQLQueryNode+Empty,
        Assembly-CSharp, Version=0.0.0.0, Culture=neutral, PublicKeyToken=null
      connections: []
      _direction: 0
      _connectionType: 0
      _typeConstraint: 0
      _dynamic: 0
    - _fieldName: exit
      _node: {fileID: 3152435296145497428}
      _typeQualifiedName: CITG.xNodeGraphes.SQLQueryGraphSystem.SQLQueryNode+Empty,
        Assembly-CSharp, Version=0.0.0.0, Culture=neutral, PublicKeyToken=null
      connections:
      - fieldName: enter
        node: {fileID: 503026174402231775}
        reroutePoints: []
      _direction: 1
      _connectionType: 0
      _typeConstraint: 0
      _dynamic: 0
--- !u!114 &5349077522431512502
MonoBehaviour:
  m_ObjectHideFlags: 0
  m_CorrespondingSourceObject: {fileID: 0}
  m_PrefabInstance: {fileID: 0}
  m_PrefabAsset: {fileID: 0}
  m_GameObject: {fileID: 0}
  m_Enabled: 1
  m_EditorHideFlags: 0
  m_Script: {fileID: 11500000, guid: 50235d8205fb4f244b91bc5187de6a90, type: 3}
  m_Name: Simple
  m_EditorClassIdentifier: 
  graph: {fileID: 11400000}
  position: {x: 184, y: -72}
  ports:
    keys:
    - enter
    - exit
    values:
    - _fieldName: enter
      _node: {fileID: 5349077522431512502}
      _typeQualifiedName: CITG.xNodeGraphes.SQLQueryGraphSystem.SQLQueryNode+Empty,
        Assembly-CSharp, Version=0.0.0.0, Culture=neutral, PublicKeyToken=null
      connections:
      - fieldName: exit
        node: {fileID: 3077091666976542313}
        reroutePoints: []
      _direction: 0
      _connectionType: 0
      _typeConstraint: 0
      _dynamic: 0
    - _fieldName: exit
      _node: {fileID: 5349077522431512502}
      _typeQualifiedName: CITG.xNodeGraphes.SQLQueryGraphSystem.SQLQueryNode+Empty,
        Assembly-CSharp, Version=0.0.0.0, Culture=neutral, PublicKeyToken=null
      connections:
      - fieldName: enter
        node: {fileID: 1693660819210302642}
        reroutePoints: []
      - fieldName: enter
        node: {fileID: 269732656494526663}
        reroutePoints: []
      _direction: 1
      _connectionType: 0
      _typeConstraint: 0
      _dynamic: 0
  fragment: FROM
--- !u!114 &6785578727639906657
MonoBehaviour:
  m_ObjectHideFlags: 0
  m_CorrespondingSourceObject: {fileID: 0}
  m_PrefabInstance: {fileID: 0}
  m_PrefabAsset: {fileID: 0}
  m_GameObject: {fileID: 0}
  m_Enabled: 1
  m_EditorHideFlags: 0
  m_Script: {fileID: 11500000, guid: 96f620db1fa6db547a5cfbf2f5188e38, type: 3}
  m_Name: And
  m_EditorClassIdentifier: 
  graph: {fileID: 11400000}
  position: {x: 1528, y: -72}
  ports:
    keys:
    - andConnections
    - enter
    - exit
    values:
    - _fieldName: andConnections
      _node: {fileID: 6785578727639906657}
      _typeQualifiedName: CITG.xNodeGraphes.SQLQueryGraphSystem.SQLQueryNode+Empty,
        Assembly-CSharp, Version=0.0.0.0, Culture=neutral, PublicKeyToken=null
      connections:
      - fieldName: enter
        node: {fileID: 1366392291709567228}
        reroutePoints: []
      - fieldName: enter
        node: {fileID: -4076890456391800237}
        reroutePoints: []
      - fieldName: enter
        node: {fileID: 1143962785064771518}
        reroutePoints: []
      - fieldName: enter
        node: {fileID: -2674833032485090760}
        reroutePoints: []
      - fieldName: enter
        node: {fileID: -6886519095083539768}
        reroutePoints: []
      _direction: 1
      _connectionType: 0
      _typeConstraint: 0
      _dynamic: 0
    - _fieldName: enter
      _node: {fileID: 6785578727639906657}
      _typeQualifiedName: CITG.xNodeGraphes.SQLQueryGraphSystem.SQLQueryNode+Empty,
        Assembly-CSharp, Version=0.0.0.0, Culture=neutral, PublicKeyToken=null
      connections:
      - fieldName: exit
        node: {fileID: -6369520059742691162}
        reroutePoints: []
      _direction: 0
      _connectionType: 0
      _typeConstraint: 0
      _dynamic: 0
    - _fieldName: exit
      _node: {fileID: 6785578727639906657}
      _typeQualifiedName: CITG.xNodeGraphes.SQLQueryGraphSystem.SQLQueryNode+Empty,
        Assembly-CSharp, Version=0.0.0.0, Culture=neutral, PublicKeyToken=null
      connections: []
      _direction: 1
      _connectionType: 0
      _typeConstraint: 0
      _dynamic: 0
--- !u!114 &7849089479578507057
MonoBehaviour:
  m_ObjectHideFlags: 0
  m_CorrespondingSourceObject: {fileID: 0}
  m_PrefabInstance: {fileID: 0}
  m_PrefabAsset: {fileID: 0}
  m_GameObject: {fileID: 0}
  m_Enabled: 1
  m_EditorHideFlags: 0
  m_Script: {fileID: 11500000, guid: 50235d8205fb4f244b91bc5187de6a90, type: 3}
  m_Name: Simple
  m_EditorClassIdentifier: 
  graph: {fileID: 11400000}
  position: {x: 2360, y: 184}
  ports:
    keys:
    - enter
    - exit
    values:
    - _fieldName: enter
      _node: {fileID: 7849089479578507057}
      _typeQualifiedName: CITG.xNodeGraphes.SQLQueryGraphSystem.SQLQueryNode+Empty,
        Assembly-CSharp, Version=0.0.0.0, Culture=neutral, PublicKeyToken=null
      connections:
      - fieldName: exit
        node: {fileID: 8364707588261589921}
        reroutePoints: []
      _direction: 0
      _connectionType: 0
      _typeConstraint: 0
      _dynamic: 0
    - _fieldName: exit
      _node: {fileID: 7849089479578507057}
      _typeQualifiedName: CITG.xNodeGraphes.SQLQueryGraphSystem.SQLQueryNode+Empty,
        Assembly-CSharp, Version=0.0.0.0, Culture=neutral, PublicKeyToken=null
      connections: []
      _direction: 1
      _connectionType: 0
      _typeConstraint: 0
      _dynamic: 0
  fragment: (1,2,12)
--- !u!114 &8364707588261589921
MonoBehaviour:
  m_ObjectHideFlags: 0
  m_CorrespondingSourceObject: {fileID: 0}
  m_PrefabInstance: {fileID: 0}
  m_PrefabAsset: {fileID: 0}
  m_GameObject: {fileID: 0}
  m_Enabled: 1
  m_EditorHideFlags: 0
  m_Script: {fileID: 11500000, guid: 50235d8205fb4f244b91bc5187de6a90, type: 3}
  m_Name: Simple
  m_EditorClassIdentifier: 
  graph: {fileID: 11400000}
  position: {x: 2104, y: 184}
  ports:
    keys:
    - enter
    - exit
    values:
    - _fieldName: enter
      _node: {fileID: 8364707588261589921}
      _typeQualifiedName: CITG.xNodeGraphes.SQLQueryGraphSystem.SQLQueryNode+Empty,
        Assembly-CSharp, Version=0.0.0.0, Culture=neutral, PublicKeyToken=null
      connections:
      - fieldName: exit
        node: {fileID: 1143962785064771518}
        reroutePoints: []
      _direction: 0
      _connectionType: 0
      _typeConstraint: 0
      _dynamic: 0
    - _fieldName: exit
      _node: {fileID: 8364707588261589921}
      _typeQualifiedName: CITG.xNodeGraphes.SQLQueryGraphSystem.SQLQueryNode+Empty,
        Assembly-CSharp, Version=0.0.0.0, Culture=neutral, PublicKeyToken=null
      connections:
      - fieldName: enter
        node: {fileID: 7849089479578507057}
        reroutePoints: []
      _direction: 1
      _connectionType: 0
      _typeConstraint: 0
      _dynamic: 0
  fragment: IN
--- !u!114 &8691791019081072805
MonoBehaviour:
  m_ObjectHideFlags: 0
  m_CorrespondingSourceObject: {fileID: 0}
  m_PrefabInstance: {fileID: 0}
  m_PrefabAsset: {fileID: 0}
  m_GameObject: {fileID: 0}
  m_Enabled: 1
  m_EditorHideFlags: 0
  m_Script: {fileID: 11500000, guid: 50235d8205fb4f244b91bc5187de6a90, type: 3}
  m_Name: Simple
  m_EditorClassIdentifier: 
  graph: {fileID: 11400000}
  position: {x: 2104, y: 344}
  ports:
    keys:
    - enter
    - exit
    values:
    - _fieldName: enter
      _node: {fileID: 8691791019081072805}
      _typeQualifiedName: CITG.xNodeGraphes.SQLQueryGraphSystem.SQLQueryNode+Empty,
        Assembly-CSharp, Version=0.0.0.0, Culture=neutral, PublicKeyToken=null
      connections:
      - fieldName: exit
        node: {fileID: -6886519095083539768}
        reroutePoints: []
      _direction: 0
      _connectionType: 0
      _typeConstraint: 0
      _dynamic: 0
    - _fieldName: exit
      _node: {fileID: 8691791019081072805}
      _typeQualifiedName: CITG.xNodeGraphes.SQLQueryGraphSystem.SQLQueryNode+Empty,
        Assembly-CSharp, Version=0.0.0.0, Culture=neutral, PublicKeyToken=null
      connections:
      - fieldName: enter
        node: {fileID: 2880794651108484153}
        reroutePoints: []
      _direction: 1
      _connectionType: 0
      _typeConstraint: 0
      _dynamic: 0
  fragment: IN
