%YAML 1.1
%TAG !u! tag:unity3d.com,2011:
--- !u!114 &-7021536586843468235
MonoBehaviour:
  m_ObjectHideFlags: 0
  m_CorrespondingSourceObject: {fileID: 0}
  m_PrefabInstance: {fileID: 0}
  m_PrefabAsset: {fileID: 0}
  m_GameObject: {fileID: 0}
  m_Enabled: 1
  m_EditorHideFlags: 0
  m_Script: {fileID: 11500000, guid: 50235d8205fb4f244b91bc5187de6a90, type: 3}
  m_Name: Simple
  m_EditorClassIdentifier: 
  graph: {fileID: 11400000}
  position: {x: 2552, y: -72}
  ports:
    keys:
    - enter
    - exit
    values:
    - _fieldName: enter
      _node: {fileID: -7021536586843468235}
      _typeQualifiedName: CITG.xNodeGraphes.SQLQueryGraphSystem.SQLQueryNode+Empty,
        Assembly-CSharp, Version=0.0.0.0, Culture=neutral, PublicKeyToken=null
      connections:
      - fieldName: exit
        node: {fileID: 145305867919591352}
        reroutePoints: []
      _direction: 0
      _connectionType: 0
      _typeConstraint: 0
      _dynamic: 0
    - _fieldName: exit
      _node: {fileID: -7021536586843468235}
      _typeQualifiedName: CITG.xNodeGraphes.SQLQueryGraphSystem.SQLQueryNode+Empty,
        Assembly-CSharp, Version=0.0.0.0, Culture=neutral, PublicKeyToken=null
      connections:
      - fieldName: enter
        node: {fileID: 1404738718686411154}
        reroutePoints: []
      _direction: 1
      _connectionType: 0
      _typeConstraint: 0
      _dynamic: 0
  fragment: "\u0444\u0438\u043E,"
--- !u!114 &-5476615063515332397
MonoBehaviour:
  m_ObjectHideFlags: 0
  m_CorrespondingSourceObject: {fileID: 0}
  m_PrefabInstance: {fileID: 0}
  m_PrefabAsset: {fileID: 0}
  m_GameObject: {fileID: 0}
  m_Enabled: 1
  m_EditorHideFlags: 0
  m_Script: {fileID: 11500000, guid: 50235d8205fb4f244b91bc5187de6a90, type: 3}
  m_Name: Simple
  m_EditorClassIdentifier: 
  graph: {fileID: 11400000}
  position: {x: 504, y: -72}
  ports:
    keys:
    - enter
    - exit
    values:
    - _fieldName: enter
      _node: {fileID: -5476615063515332397}
      _typeQualifiedName: CITG.xNodeGraphes.SQLQueryGraphSystem.SQLQueryNode+Empty,
        Assembly-CSharp, Version=0.0.0.0, Culture=neutral, PublicKeyToken=null
      connections:
      - fieldName: exit
        node: {fileID: 6556792655330543429}
        reroutePoints: []
      - fieldName: exit
        node: {fileID: 6452642311662686549}
        reroutePoints: []
      _direction: 0
      _connectionType: 0
      _typeConstraint: 0
      _dynamic: 0
    - _fieldName: exit
      _node: {fileID: -5476615063515332397}
      _typeQualifiedName: CITG.xNodeGraphes.SQLQueryGraphSystem.SQLQueryNode+Empty,
        Assembly-CSharp, Version=0.0.0.0, Culture=neutral, PublicKeyToken=null
      connections:
      - fieldName: enter
        node: {fileID: 2048337748370587165}
        reroutePoints: []
      _direction: 1
      _connectionType: 0
      _typeConstraint: 0
      _dynamic: 0
  fragment: "AVG (\u043E\u0446\u0435\u043D\u043A\u0430)"
--- !u!114 &-4678589978969968647
MonoBehaviour:
  m_ObjectHideFlags: 0
  m_CorrespondingSourceObject: {fileID: 0}
  m_PrefabInstance: {fileID: 0}
  m_PrefabAsset: {fileID: 0}
  m_GameObject: {fileID: 0}
  m_Enabled: 1
  m_EditorHideFlags: 0
  m_Script: {fileID: 11500000, guid: 50235d8205fb4f244b91bc5187de6a90, type: 3}
  m_Name: Simple
  m_EditorClassIdentifier: 
  graph: {fileID: 11400000}
  position: {x: -8, y: -200}
  ports:
    keys:
    - enter
    - exit
    values:
    - _fieldName: enter
      _node: {fileID: -4678589978969968647}
      _typeQualifiedName: CITG.xNodeGraphes.SQLQueryGraphSystem.SQLQueryNode+Empty,
        Assembly-CSharp, Version=0.0.0.0, Culture=neutral, PublicKeyToken=null
      connections:
      - fieldName: exit
        node: {fileID: 8369100982044397070}
        reroutePoints: []
      _direction: 0
      _connectionType: 0
      _typeConstraint: 0
      _dynamic: 0
    - _fieldName: exit
      _node: {fileID: -4678589978969968647}
      _typeQualifiedName: CITG.xNodeGraphes.SQLQueryGraphSystem.SQLQueryNode+Empty,
        Assembly-CSharp, Version=0.0.0.0, Culture=neutral, PublicKeyToken=null
      connections:
      - fieldName: enter
        node: {fileID: 6556792655330543429}
        reroutePoints: []
      _direction: 1
      _connectionType: 0
      _typeConstraint: 0
      _dynamic: 0
  fragment: "\u0444\u0438\u043E,"
--- !u!114 &-4528349930017706886
MonoBehaviour:
  m_ObjectHideFlags: 0
  m_CorrespondingSourceObject: {fileID: 0}
  m_PrefabInstance: {fileID: 0}
  m_PrefabAsset: {fileID: 0}
  m_GameObject: {fileID: 0}
  m_Enabled: 1
  m_EditorHideFlags: 0
  m_Script: {fileID: 11500000, guid: 50235d8205fb4f244b91bc5187de6a90, type: 3}
  m_Name: Simple
  m_EditorClassIdentifier: 
  graph: {fileID: 11400000}
  position: {x: 1272, y: -72}
  ports:
    keys:
    - enter
    - exit
    values:
    - _fieldName: enter
      _node: {fileID: -4528349930017706886}
      _typeQualifiedName: CITG.xNodeGraphes.SQLQueryGraphSystem.SQLQueryNode+Empty,
        Assembly-CSharp, Version=0.0.0.0, Culture=neutral, PublicKeyToken=null
      connections:
      - fieldName: exit
        node: {fileID: 1184564953128880797}
        reroutePoints: []
      _direction: 0
      _connectionType: 0
      _typeConstraint: 0
      _dynamic: 0
    - _fieldName: exit
      _node: {fileID: -4528349930017706886}
      _typeQualifiedName: CITG.xNodeGraphes.SQLQueryGraphSystem.SQLQueryNode+Empty,
        Assembly-CSharp, Version=0.0.0.0, Culture=neutral, PublicKeyToken=null
      connections:
      - fieldName: enter
        node: {fileID: 2942969636076118406}
        reroutePoints: []
      _direction: 1
      _connectionType: 0
      _typeConstraint: 0
      _dynamic: 0
  fragment: "\u0441\u0442\u0443\u0434\u0435\u043D\u0442\u044B"
--- !u!114 &-2014980147532179907
MonoBehaviour:
  m_ObjectHideFlags: 0
  m_CorrespondingSourceObject: {fileID: 0}
  m_PrefabInstance: {fileID: 0}
  m_PrefabAsset: {fileID: 0}
  m_GameObject: {fileID: 0}
  m_Enabled: 1
  m_EditorHideFlags: 0
  m_Script: {fileID: 11500000, guid: 50235d8205fb4f244b91bc5187de6a90, type: 3}
  m_Name: Simple
  m_EditorClassIdentifier: 
  graph: {fileID: 11400000}
  position: {x: -8, y: 56}
  ports:
    keys:
    - enter
    - exit
    values:
    - _fieldName: enter
      _node: {fileID: -2014980147532179907}
      _typeQualifiedName: CITG.xNodeGraphes.SQLQueryGraphSystem.SQLQueryNode+Empty,
        Assembly-CSharp, Version=0.0.0.0, Culture=neutral, PublicKeyToken=null
      connections:
      - fieldName: exit
        node: {fileID: 8369100982044397070}
        reroutePoints: []
      _direction: 0
      _connectionType: 0
      _typeConstraint: 0
      _dynamic: 0
    - _fieldName: exit
      _node: {fileID: -2014980147532179907}
      _typeQualifiedName: CITG.xNodeGraphes.SQLQueryGraphSystem.SQLQueryNode+Empty,
        Assembly-CSharp, Version=0.0.0.0, Culture=neutral, PublicKeyToken=null
      connections:
      - fieldName: enter
        node: {fileID: 6452642311662686549}
        reroutePoints: []
      _direction: 1
      _connectionType: 0
      _typeConstraint: 0
      _dynamic: 0
  fragment: "\u0433\u0440\u0443\u043F\u043F\u0430,"
--- !u!114 &11400000
MonoBehaviour:
  m_ObjectHideFlags: 0
  m_CorrespondingSourceObject: {fileID: 0}
  m_PrefabInstance: {fileID: 0}
  m_PrefabAsset: {fileID: 0}
  m_GameObject: {fileID: 0}
  m_Enabled: 1
  m_EditorHideFlags: 0
  m_Script: {fileID: 11500000, guid: 5ca66a67fef5a0446a81badf46590eb7, type: 3}
  m_Name: SQL Query Graph 12
  m_EditorClassIdentifier: 
  nodes:
  - {fileID: 3152435296145497428}
  - {fileID: 8369100982044397070}
  - {fileID: -4678589978969968647}
  - {fileID: 6556792655330543429}
  - {fileID: -5476615063515332397}
  - {fileID: -2014980147532179907}
  - {fileID: 6452642311662686549}
  - {fileID: 2048337748370587165}
  - {fileID: 1184564953128880797}
  - {fileID: -4528349930017706886}
  - {fileID: 2942969636076118406}
  - {fileID: 4477309640413074688}
  - {fileID: 3922528195327251409}
  - {fileID: 145305867919591352}
  - {fileID: -7021536586843468235}
  - {fileID: 1404738718686411154}
  _startNode: {fileID: 3152435296145497428}
  _endNode: {fileID: 1404738718686411154}
  _currentNode: {fileID: 6556792655330543429}
  debugField: "SELECT;\u0444\u0438\u043E,;\u0433\u0440\u0443\u043F\u043F\u0430,;AVG
    (\u043E\u0446\u0435\u043D\u043A\u0430);\nFROM;\u0441\u0435\u0441\u0441\u0438\u0438,;\u0441\u0442\u0443\u0434\u0435\u043D\u0442\u044B;\nWHERE;\u0441\u0435\u0441\u0441\u0438\u0438.\u043A\u043E\u0434\u0441\u0442\u0443\u0434\u0435\u043D\u0442\u0430;=;\u0441\u0442\u0443\u0434\u0435\u043D\u0442\u044B.\u043A\u043E\u0434\u0441\u0442\u0443\u0434\u0435\u043D\u0442\u0430\r;\nGROUP;BY;\u0444\u0438\u043E,;\u0433\u0440\u0443\u043F\u043F\u0430;"
--- !u!114 &145305867919591352
MonoBehaviour:
  m_ObjectHideFlags: 0
  m_CorrespondingSourceObject: {fileID: 0}
  m_PrefabInstance: {fileID: 0}
  m_PrefabAsset: {fileID: 0}
  m_GameObject: {fileID: 0}
  m_Enabled: 1
  m_EditorHideFlags: 0
  m_Script: {fileID: 11500000, guid: 50235d8205fb4f244b91bc5187de6a90, type: 3}
  m_Name: Simple
  m_EditorClassIdentifier: 
  graph: {fileID: 11400000}
  position: {x: 2296, y: -72}
  ports:
    keys:
    - enter
    - exit
    values:
    - _fieldName: enter
      _node: {fileID: 145305867919591352}
      _typeQualifiedName: CITG.xNodeGraphes.SQLQueryGraphSystem.SQLQueryNode+Empty,
        Assembly-CSharp, Version=0.0.0.0, Culture=neutral, PublicKeyToken=null
      connections:
      - fieldName: exit
        node: {fileID: 3922528195327251409}
        reroutePoints: []
      _direction: 0
      _connectionType: 0
      _typeConstraint: 0
      _dynamic: 0
    - _fieldName: exit
      _node: {fileID: 145305867919591352}
      _typeQualifiedName: CITG.xNodeGraphes.SQLQueryGraphSystem.SQLQueryNode+Empty,
        Assembly-CSharp, Version=0.0.0.0, Culture=neutral, PublicKeyToken=null
      connections:
      - fieldName: enter
        node: {fileID: -7021536586843468235}
        reroutePoints: []
      _direction: 1
      _connectionType: 0
      _typeConstraint: 0
      _dynamic: 0
  fragment: BY
--- !u!114 &1184564953128880797
MonoBehaviour:
  m_ObjectHideFlags: 0
  m_CorrespondingSourceObject: {fileID: 0}
  m_PrefabInstance: {fileID: 0}
  m_PrefabAsset: {fileID: 0}
  m_GameObject: {fileID: 0}
  m_Enabled: 1
  m_EditorHideFlags: 0
  m_Script: {fileID: 11500000, guid: 50235d8205fb4f244b91bc5187de6a90, type: 3}
  m_Name: Simple
  m_EditorClassIdentifier: 
  graph: {fileID: 11400000}
  position: {x: 1016, y: -72}
  ports:
    keys:
    - enter
    - exit
    values:
    - _fieldName: enter
      _node: {fileID: 1184564953128880797}
      _typeQualifiedName: CITG.xNodeGraphes.SQLQueryGraphSystem.SQLQueryNode+Empty,
        Assembly-CSharp, Version=0.0.0.0, Culture=neutral, PublicKeyToken=null
      connections:
      - fieldName: exit
        node: {fileID: 2048337748370587165}
        reroutePoints: []
      _direction: 0
      _connectionType: 0
      _typeConstraint: 0
      _dynamic: 0
    - _fieldName: exit
      _node: {fileID: 1184564953128880797}
      _typeQualifiedName: CITG.xNodeGraphes.SQLQueryGraphSystem.SQLQueryNode+Empty,
        Assembly-CSharp, Version=0.0.0.0, Culture=neutral, PublicKeyToken=null
      connections:
      - fieldName: enter
        node: {fileID: -4528349930017706886}
        reroutePoints: []
      _direction: 1
      _connectionType: 0
      _typeConstraint: 0
      _dynamic: 0
  fragment: "\u0441\u0435\u0441\u0441\u0438\u0438,"
--- !u!114 &1404738718686411154
MonoBehaviour:
  m_ObjectHideFlags: 0
  m_CorrespondingSourceObject: {fileID: 0}
  m_PrefabInstance: {fileID: 0}
  m_PrefabAsset: {fileID: 0}
  m_GameObject: {fileID: 0}
  m_Enabled: 1
  m_EditorHideFlags: 0
  m_Script: {fileID: 11500000, guid: 50235d8205fb4f244b91bc5187de6a90, type: 3}
  m_Name: Simple
  m_EditorClassIdentifier: 
  graph: {fileID: 11400000}
  position: {x: 2808, y: -72}
  ports:
    keys:
    - enter
    - exit
    values:
    - _fieldName: enter
      _node: {fileID: 1404738718686411154}
      _typeQualifiedName: CITG.xNodeGraphes.SQLQueryGraphSystem.SQLQueryNode+Empty,
        Assembly-CSharp, Version=0.0.0.0, Culture=neutral, PublicKeyToken=null
      connections:
      - fieldName: exit
        node: {fileID: -7021536586843468235}
        reroutePoints: []
      _direction: 0
      _connectionType: 0
      _typeConstraint: 0
      _dynamic: 0
    - _fieldName: exit
      _node: {fileID: 1404738718686411154}
      _typeQualifiedName: CITG.xNodeGraphes.SQLQueryGraphSystem.SQLQueryNode+Empty,
        Assembly-CSharp, Version=0.0.0.0, Culture=neutral, PublicKeyToken=null
      connections: []
      _direction: 1
      _connectionType: 0
      _typeConstraint: 0
      _dynamic: 0
  fragment: "\u0433\u0440\u0443\u043F\u043F\u0430"
--- !u!114 &2048337748370587165
MonoBehaviour:
  m_ObjectHideFlags: 0
  m_CorrespondingSourceObject: {fileID: 0}
  m_PrefabInstance: {fileID: 0}
  m_PrefabAsset: {fileID: 0}
  m_GameObject: {fileID: 0}
  m_Enabled: 1
  m_EditorHideFlags: 0
  m_Script: {fileID: 11500000, guid: 50235d8205fb4f244b91bc5187de6a90, type: 3}
  m_Name: Simple
  m_EditorClassIdentifier: 
  graph: {fileID: 11400000}
  position: {x: 760, y: -72}
  ports:
    keys:
    - enter
    - exit
    values:
    - _fieldName: enter
      _node: {fileID: 2048337748370587165}
      _typeQualifiedName: CITG.xNodeGraphes.SQLQueryGraphSystem.SQLQueryNode+Empty,
        Assembly-CSharp, Version=0.0.0.0, Culture=neutral, PublicKeyToken=null
      connections:
      - fieldName: exit
        node: {fileID: -5476615063515332397}
        reroutePoints: []
      _direction: 0
      _connectionType: 0
      _typeConstraint: 0
      _dynamic: 0
    - _fieldName: exit
      _node: {fileID: 2048337748370587165}
      _typeQualifiedName: CITG.xNodeGraphes.SQLQueryGraphSystem.SQLQueryNode+Empty,
        Assembly-CSharp, Version=0.0.0.0, Culture=neutral, PublicKeyToken=null
      connections:
      - fieldName: enter
        node: {fileID: 1184564953128880797}
        reroutePoints: []
      _direction: 1
      _connectionType: 0
      _typeConstraint: 0
      _dynamic: 0
  fragment: FROM
--- !u!114 &2942969636076118406
MonoBehaviour:
  m_ObjectHideFlags: 0
  m_CorrespondingSourceObject: {fileID: 0}
  m_PrefabInstance: {fileID: 0}
  m_PrefabAsset: {fileID: 0}
  m_GameObject: {fileID: 0}
  m_Enabled: 1
  m_EditorHideFlags: 0
  m_Script: {fileID: 11500000, guid: 50235d8205fb4f244b91bc5187de6a90, type: 3}
  m_Name: Simple
  m_EditorClassIdentifier: 
  graph: {fileID: 11400000}
  position: {x: 1528, y: -72}
  ports:
    keys:
    - enter
    - exit
    values:
    - _fieldName: enter
      _node: {fileID: 2942969636076118406}
      _typeQualifiedName: CITG.xNodeGraphes.SQLQueryGraphSystem.SQLQueryNode+Empty,
        Assembly-CSharp, Version=0.0.0.0, Culture=neutral, PublicKeyToken=null
      connections:
      - fieldName: exit
        node: {fileID: -4528349930017706886}
        reroutePoints: []
      _direction: 0
      _connectionType: 0
      _typeConstraint: 0
      _dynamic: 0
    - _fieldName: exit
      _node: {fileID: 2942969636076118406}
      _typeQualifiedName: CITG.xNodeGraphes.SQLQueryGraphSystem.SQLQueryNode+Empty,
        Assembly-CSharp, Version=0.0.0.0, Culture=neutral, PublicKeyToken=null
      connections:
      - fieldName: enter
        node: {fileID: 4477309640413074688}
        reroutePoints: []
      _direction: 1
      _connectionType: 0
      _typeConstraint: 0
      _dynamic: 0
  fragment: WHERE
--- !u!114 &3152435296145497428
MonoBehaviour:
  m_ObjectHideFlags: 0
  m_CorrespondingSourceObject: {fileID: 0}
  m_PrefabInstance: {fileID: 0}
  m_PrefabAsset: {fileID: 0}
  m_GameObject: {fileID: 0}
  m_Enabled: 1
  m_EditorHideFlags: 0
  m_Script: {fileID: 11500000, guid: 870a9bc4960f81346a168f0f243a0227, type: 3}
  m_Name: Start
  m_EditorClassIdentifier: 
  graph: {fileID: 11400000}
  position: {x: -520, y: -72}
  ports:
    keys:
    - enter
    - exit
    values:
    - _fieldName: enter
      _node: {fileID: 3152435296145497428}
      _typeQualifiedName: CITG.xNodeGraphes.SQLQueryGraphSystem.SQLQueryNode+Empty,
        Assembly-CSharp, Version=0.0.0.0, Culture=neutral, PublicKeyToken=null
      connections: []
      _direction: 0
      _connectionType: 0
      _typeConstraint: 0
      _dynamic: 0
    - _fieldName: exit
      _node: {fileID: 3152435296145497428}
      _typeQualifiedName: CITG.xNodeGraphes.SQLQueryGraphSystem.SQLQueryNode+Empty,
        Assembly-CSharp, Version=0.0.0.0, Culture=neutral, PublicKeyToken=null
      connections:
      - fieldName: enter
        node: {fileID: 8369100982044397070}
        reroutePoints: []
      _direction: 1
      _connectionType: 0
      _typeConstraint: 0
      _dynamic: 0
--- !u!114 &3922528195327251409
MonoBehaviour:
  m_ObjectHideFlags: 0
  m_CorrespondingSourceObject: {fileID: 0}
  m_PrefabInstance: {fileID: 0}
  m_PrefabAsset: {fileID: 0}
  m_GameObject: {fileID: 0}
  m_Enabled: 1
  m_EditorHideFlags: 0
  m_Script: {fileID: 11500000, guid: 50235d8205fb4f244b91bc5187de6a90, type: 3}
  m_Name: Simple
  m_EditorClassIdentifier: 
  graph: {fileID: 11400000}
  position: {x: 2040, y: -72}
  ports:
    keys:
    - enter
    - exit
    values:
    - _fieldName: enter
      _node: {fileID: 3922528195327251409}
      _typeQualifiedName: CITG.xNodeGraphes.SQLQueryGraphSystem.SQLQueryNode+Empty,
        Assembly-CSharp, Version=0.0.0.0, Culture=neutral, PublicKeyToken=null
      connections:
      - fieldName: exit
        node: {fileID: 4477309640413074688}
        reroutePoints: []
      _direction: 0
      _connectionType: 0
      _typeConstraint: 0
      _dynamic: 0
    - _fieldName: exit
      _node: {fileID: 3922528195327251409}
      _typeQualifiedName: CITG.xNodeGraphes.SQLQueryGraphSystem.SQLQueryNode+Empty,
        Assembly-CSharp, Version=0.0.0.0, Culture=neutral, PublicKeyToken=null
      connections:
      - fieldName: enter
        node: {fileID: 145305867919591352}
        reroutePoints: []
      _direction: 1
      _connectionType: 0
      _typeConstraint: 0
      _dynamic: 0
  fragment: GROUP
--- !u!114 &4477309640413074688
MonoBehaviour:
  m_ObjectHideFlags: 0
  m_CorrespondingSourceObject: {fileID: 0}
  m_PrefabInstance: {fileID: 0}
  m_PrefabAsset: {fileID: 0}
  m_GameObject: {fileID: 0}
  m_Enabled: 1
  m_EditorHideFlags: 0
  m_Script: {fileID: 11500000, guid: 86b627556da784442be6ecd44c7563a0, type: 3}
  m_Name: Symmetric
  m_EditorClassIdentifier: 
  graph: {fileID: 11400000}
  position: {x: 1784, y: -72}
  ports:
    keys:
    - enter
    - exit
    values:
    - _fieldName: enter
      _node: {fileID: 4477309640413074688}
      _typeQualifiedName: CITG.xNodeGraphes.SQLQueryGraphSystem.SQLQueryNode+Empty,
        Assembly-CSharp, Version=0.0.0.0, Culture=neutral, PublicKeyToken=null
      connections:
      - fieldName: exit
        node: {fileID: 2942969636076118406}
        reroutePoints: []
      _direction: 0
      _connectionType: 0
      _typeConstraint: 0
      _dynamic: 0
    - _fieldName: exit
      _node: {fileID: 4477309640413074688}
      _typeQualifiedName: CITG.xNodeGraphes.SQLQueryGraphSystem.SQLQueryNode+Empty,
        Assembly-CSharp, Version=0.0.0.0, Culture=neutral, PublicKeyToken=null
      connections:
      - fieldName: enter
        node: {fileID: 3922528195327251409}
        reroutePoints: []
      _direction: 1
      _connectionType: 0
      _typeConstraint: 0
      _dynamic: 0
  firstFragment: "\u0441\u0435\u0441\u0441\u0438\u0438.\u043A\u043E\u0434\u0441\u0442\u0443\u0434\u0435\u043D\u0442\u0430"
  secondFragment: "\u0441\u0442\u0443\u0434\u0435\u043D\u0442\u044B.\u043A\u043E\u0434\u0441\u0442\u0443\u0434\u0435\u043D\u0442\u0430"
  middleFragment: =
--- !u!114 &6452642311662686549
MonoBehaviour:
  m_ObjectHideFlags: 0
  m_CorrespondingSourceObject: {fileID: 0}
  m_PrefabInstance: {fileID: 0}
  m_PrefabAsset: {fileID: 0}
  m_GameObject: {fileID: 0}
  m_Enabled: 1
  m_EditorHideFlags: 0
  m_Script: {fileID: 11500000, guid: 50235d8205fb4f244b91bc5187de6a90, type: 3}
  m_Name: Simple
  m_EditorClassIdentifier: 
  graph: {fileID: 11400000}
  position: {x: 248, y: 56}
  ports:
    keys:
    - enter
    - exit
    values:
    - _fieldName: enter
      _node: {fileID: 6452642311662686549}
      _typeQualifiedName: CITG.xNodeGraphes.SQLQueryGraphSystem.SQLQueryNode+Empty,
        Assembly-CSharp, Version=0.0.0.0, Culture=neutral, PublicKeyToken=null
      connections:
      - fieldName: exit
        node: {fileID: -2014980147532179907}
        reroutePoints: []
      _direction: 0
      _connectionType: 0
      _typeConstraint: 0
      _dynamic: 0
    - _fieldName: exit
      _node: {fileID: 6452642311662686549}
      _typeQualifiedName: CITG.xNodeGraphes.SQLQueryGraphSystem.SQLQueryNode+Empty,
        Assembly-CSharp, Version=0.0.0.0, Culture=neutral, PublicKeyToken=null
      connections:
      - fieldName: enter
        node: {fileID: -5476615063515332397}
        reroutePoints: []
      _direction: 1
      _connectionType: 0
      _typeConstraint: 0
      _dynamic: 0
  fragment: "\u0444\u0438\u043E,"
--- !u!114 &6556792655330543429
MonoBehaviour:
  m_ObjectHideFlags: 0
  m_CorrespondingSourceObject: {fileID: 0}
  m_PrefabInstance: {fileID: 0}
  m_PrefabAsset: {fileID: 0}
  m_GameObject: {fileID: 0}
  m_Enabled: 1
  m_EditorHideFlags: 0
  m_Script: {fileID: 11500000, guid: 50235d8205fb4f244b91bc5187de6a90, type: 3}
  m_Name: Simple
  m_EditorClassIdentifier: 
  graph: {fileID: 11400000}
  position: {x: 248, y: -200}
  ports:
    keys:
    - enter
    - exit
    values:
    - _fieldName: enter
      _node: {fileID: 6556792655330543429}
      _typeQualifiedName: CITG.xNodeGraphes.SQLQueryGraphSystem.SQLQueryNode+Empty,
        Assembly-CSharp, Version=0.0.0.0, Culture=neutral, PublicKeyToken=null
      connections:
      - fieldName: exit
        node: {fileID: -4678589978969968647}
        reroutePoints: []
      _direction: 0
      _connectionType: 0
      _typeConstraint: 0
      _dynamic: 0
    - _fieldName: exit
      _node: {fileID: 6556792655330543429}
      _typeQualifiedName: CITG.xNodeGraphes.SQLQueryGraphSystem.SQLQueryNode+Empty,
        Assembly-CSharp, Version=0.0.0.0, Culture=neutral, PublicKeyToken=null
      connections:
      - fieldName: enter
        node: {fileID: -5476615063515332397}
        reroutePoints: []
      _direction: 1
      _connectionType: 0
      _typeConstraint: 0
      _dynamic: 0
  fragment: "\u0433\u0440\u0443\u043F\u043F\u0430,"
--- !u!114 &8369100982044397070
MonoBehaviour:
  m_ObjectHideFlags: 0
  m_CorrespondingSourceObject: {fileID: 0}
  m_PrefabInstance: {fileID: 0}
  m_PrefabAsset: {fileID: 0}
  m_GameObject: {fileID: 0}
  m_Enabled: 1
  m_EditorHideFlags: 0
  m_Script: {fileID: 11500000, guid: 50235d8205fb4f244b91bc5187de6a90, type: 3}
  m_Name: Simple
  m_EditorClassIdentifier: 
  graph: {fileID: 11400000}
  position: {x: -264, y: -72}
  ports:
    keys:
    - enter
    - exit
    values:
    - _fieldName: enter
      _node: {fileID: 8369100982044397070}
      _typeQualifiedName: CITG.xNodeGraphes.SQLQueryGraphSystem.SQLQueryNode+Empty,
        Assembly-CSharp, Version=0.0.0.0, Culture=neutral, PublicKeyToken=null
      connections:
      - fieldName: exit
        node: {fileID: 3152435296145497428}
        reroutePoints: []
      _direction: 0
      _connectionType: 0
      _typeConstraint: 0
      _dynamic: 0
    - _fieldName: exit
      _node: {fileID: 8369100982044397070}
      _typeQualifiedName: CITG.xNodeGraphes.SQLQueryGraphSystem.SQLQueryNode+Empty,
        Assembly-CSharp, Version=0.0.0.0, Culture=neutral, PublicKeyToken=null
      connections:
      - fieldName: enter
        node: {fileID: -4678589978969968647}
        reroutePoints: []
      - fieldName: enter
        node: {fileID: -2014980147532179907}
        reroutePoints: []
      _direction: 1
      _connectionType: 0
      _typeConstraint: 0
      _dynamic: 0
  fragment: SELECT
