%YAML 1.1
%TAG !u! tag:unity3d.com,2011:
--- !u!1 &5566992812283799824
GameObject:
  m_ObjectHideFlags: 0
  m_CorrespondingSourceObject: {fileID: 0}
  m_PrefabInstance: {fileID: 0}
  m_PrefabAsset: {fileID: 0}
  serializedVersion: 6
  m_Component:
  - component: {fileID: 5566992812283799825}
  m_Layer: 0
  m_Name: Group Fragments 3
  m_TagString: Untagged
  m_Icon: {fileID: 0}
  m_NavMeshLayer: 0
  m_StaticEditorFlags: 0
  m_IsActive: 1
--- !u!4 &5566992812283799825
Transform:
  m_ObjectHideFlags: 0
  m_CorrespondingSourceObject: {fileID: 0}
  m_PrefabInstance: {fileID: 0}
  m_PrefabAsset: {fileID: 0}
  m_GameObject: {fileID: 5566992812283799824}
  m_LocalRotation: {x: -0, y: -0, z: -0, w: 1}
  m_LocalPosition: {x: -6.08889, y: 0, z: 10}
  m_LocalScale: {x: 1, y: 1, z: 1}
  m_Children:
  - {fileID: 8588109380567444812}
  - {fileID: 8588109379699582818}
  - {fileID: 8588109381081119219}
  - {fileID: 8588109380071174365}
  - {fileID: 8588109380513789654}
  - {fileID: 8588109379308669889}
  - {fileID: 8588109380536291954}
  - {fileID: 8588109380047299743}
  - {fileID: 6932120405957619093}
  - {fileID: 6932120407969320742}
  - {fileID: 5650082960332750108}
  - {fileID: 6372838456270062604}
  - {fileID: 4470759153270331839}
  m_Father: {fileID: 5774196569559182344}
  m_RootOrder: 1
  m_LocalEulerAnglesHint: {x: 0, y: 0, z: 0}
--- !u!1 &5774196569559182345
GameObject:
  m_ObjectHideFlags: 0
  m_CorrespondingSourceObject: {fileID: 0}
  m_PrefabInstance: {fileID: 0}
  m_PrefabAsset: {fileID: 0}
  serializedVersion: 6
  m_Component:
  - component: {fileID: 5774196569559182344}
  - component: {fileID: -4126934187983884745}
  m_Layer: 0
  m_Name: SQL Query.3
  m_TagString: Untagged
  m_Icon: {fileID: 0}
  m_NavMeshLayer: 0
  m_StaticEditorFlags: 0
  m_IsActive: 1
--- !u!4 &5774196569559182344
Transform:
  m_ObjectHideFlags: 0
  m_CorrespondingSourceObject: {fileID: 0}
  m_PrefabInstance: {fileID: 0}
  m_PrefabAsset: {fileID: 0}
  m_GameObject: {fileID: 5774196569559182345}
  m_LocalRotation: {x: 0, y: 0, z: 0, w: 1}
  m_LocalPosition: {x: 0, y: 0, z: 0}
  m_LocalScale: {x: 1, y: 1, z: 1}
  m_Children:
  - {fileID: 7771142003280831746}
  - {fileID: 5566992812283799825}
  m_Father: {fileID: 0}
  m_RootOrder: 0
  m_LocalEulerAnglesHint: {x: 0, y: 0, z: 0}
--- !u!114 &-4126934187983884745
MonoBehaviour:
  m_ObjectHideFlags: 0
  m_CorrespondingSourceObject: {fileID: 0}
  m_PrefabInstance: {fileID: 0}
  m_PrefabAsset: {fileID: 0}
  m_GameObject: {fileID: 5774196569559182345}
  m_Enabled: 1
  m_EditorHideFlags: 0
  m_Script: {fileID: 11500000, guid: 89dec3782c9b36f47b544cb72cb6947a, type: 3}
  m_Name: 
  m_EditorClassIdentifier: 
--- !u!1 &7771142003280831747
GameObject:
  m_ObjectHideFlags: 0
  m_CorrespondingSourceObject: {fileID: 0}
  m_PrefabInstance: {fileID: 0}
  m_PrefabAsset: {fileID: 0}
  serializedVersion: 6
  m_Component:
  - component: {fileID: 7771142003280831746}
  m_Layer: 0
  m_Name: Group Fragment Places 3
  m_TagString: Untagged
  m_Icon: {fileID: 0}
  m_NavMeshLayer: 0
  m_StaticEditorFlags: 0
  m_IsActive: 1
--- !u!4 &7771142003280831746
Transform:
  m_ObjectHideFlags: 0
  m_CorrespondingSourceObject: {fileID: 0}
  m_PrefabInstance: {fileID: 0}
  m_PrefabAsset: {fileID: 0}
  m_GameObject: {fileID: 7771142003280831747}
  m_LocalRotation: {x: -0, y: -0, z: -0, w: 1}
  m_LocalPosition: {x: -0.3888893, y: -0.75, z: 10}
  m_LocalScale: {x: 1, y: 1, z: 1}
  m_Children:
  - {fileID: 7771142003505501496}
  - {fileID: 7771142003481322145}
  - {fileID: 7771142003302650684}
  m_Father: {fileID: 5774196569559182344}
  m_RootOrder: 0
  m_LocalEulerAnglesHint: {x: 0, y: 0, z: 0}
--- !u!1 &7771142003302650685
GameObject:
  m_ObjectHideFlags: 0
  m_CorrespondingSourceObject: {fileID: 0}
  m_PrefabInstance: {fileID: 0}
  m_PrefabAsset: {fileID: 0}
  serializedVersion: 6
  m_Component:
  - component: {fileID: 7771142003302650684}
  m_Layer: 0
  m_Name: Line.3
  m_TagString: Untagged
  m_Icon: {fileID: 0}
  m_NavMeshLayer: 0
  m_StaticEditorFlags: 0
  m_IsActive: 1
--- !u!4 &7771142003302650684
Transform:
  m_ObjectHideFlags: 0
  m_CorrespondingSourceObject: {fileID: 0}
  m_PrefabInstance: {fileID: 0}
  m_PrefabAsset: {fileID: 0}
  m_GameObject: {fileID: 7771142003302650685}
  m_LocalRotation: {x: 0, y: 0, z: 0, w: 1}
  m_LocalPosition: {x: 0, y: -1, z: 0}
  m_LocalScale: {x: 1, y: 1, z: 1}
  m_Children:
  - {fileID: 5887996881259626046}
  - {fileID: 5887996881625638664}
  - {fileID: 5887996881759128827}
  - {fileID: 5887996880460503158}
  m_Father: {fileID: 7771142003280831746}
  m_RootOrder: 2
  m_LocalEulerAnglesHint: {x: 0, y: 0, z: 0}
--- !u!1 &7771142003481322146
GameObject:
  m_ObjectHideFlags: 0
  m_CorrespondingSourceObject: {fileID: 0}
  m_PrefabInstance: {fileID: 0}
  m_PrefabAsset: {fileID: 0}
  serializedVersion: 6
  m_Component:
  - component: {fileID: 7771142003481322145}
  m_Layer: 0
  m_Name: Line.2
  m_TagString: Untagged
  m_Icon: {fileID: 0}
  m_NavMeshLayer: 0
  m_StaticEditorFlags: 0
  m_IsActive: 1
--- !u!4 &7771142003481322145
Transform:
  m_ObjectHideFlags: 0
  m_CorrespondingSourceObject: {fileID: 0}
  m_PrefabInstance: {fileID: 0}
  m_PrefabAsset: {fileID: 0}
  m_GameObject: {fileID: 7771142003481322146}
  m_LocalRotation: {x: 0, y: 0, z: 0, w: 1}
  m_LocalPosition: {x: 0, y: -0.5, z: 0}
  m_LocalScale: {x: 1, y: 1, z: 1}
  m_Children:
  - {fileID: 5887996881509771318}
  - {fileID: 5887996880763799653}
  - {fileID: 5887996882020621355}
  - {fileID: 5887996880895336272}
  m_Father: {fileID: 7771142003280831746}
  m_RootOrder: 1
  m_LocalEulerAnglesHint: {x: 0, y: 0, z: 0}
--- !u!1 &7771142003505501497
GameObject:
  m_ObjectHideFlags: 0
  m_CorrespondingSourceObject: {fileID: 0}
  m_PrefabInstance: {fileID: 0}
  m_PrefabAsset: {fileID: 0}
  serializedVersion: 6
  m_Component:
  - component: {fileID: 7771142003505501496}
  m_Layer: 0
  m_Name: Line.1
  m_TagString: Untagged
  m_Icon: {fileID: 0}
  m_NavMeshLayer: 0
  m_StaticEditorFlags: 0
  m_IsActive: 1
--- !u!4 &7771142003505501496
Transform:
  m_ObjectHideFlags: 0
  m_CorrespondingSourceObject: {fileID: 0}
  m_PrefabInstance: {fileID: 0}
  m_PrefabAsset: {fileID: 0}
  m_GameObject: {fileID: 7771142003505501497}
  m_LocalRotation: {x: 0, y: 0, z: 0, w: 1}
  m_LocalPosition: {x: 0, y: 0, z: 0}
  m_LocalScale: {x: 1, y: 1, z: 1}
  m_Children:
  - {fileID: 5887996882478139298}
  - {fileID: 5887996881593659027}
  m_Father: {fileID: 7771142003280831746}
  m_RootOrder: 0
  m_LocalEulerAnglesHint: {x: 0, y: 0, z: 0}
--- !u!1001 &316846602813793497
PrefabInstance:
  m_ObjectHideFlags: 0
  serializedVersion: 2
  m_Modification:
    m_TransformParent: {fileID: 5566992812283799825}
    m_Modifications:
    - target: {fileID: 2586105155488779937, guid: 631da4104a093304e8de046a05b1ea54, type: 3}
      propertyPath: m_Text
      value: SELECT
      objectReference: {fileID: 0}
    - target: {fileID: 4210577086663916900, guid: 631da4104a093304e8de046a05b1ea54, type: 3}
      propertyPath: m_Name
      value: SQL Query Fragment.13
      objectReference: {fileID: 0}
    - target: {fileID: 4210577086663916902, guid: 631da4104a093304e8de046a05b1ea54, type: 3}
      propertyPath: m_RootOrder
      value: 12
      objectReference: {fileID: 0}
    - target: {fileID: 4210577086663916902, guid: 631da4104a093304e8de046a05b1ea54, type: 3}
      propertyPath: m_LocalPosition.x
      value: 0.04
      objectReference: {fileID: 0}
    - target: {fileID: 4210577086663916902, guid: 631da4104a093304e8de046a05b1ea54, type: 3}
      propertyPath: m_LocalPosition.y
      value: 3.7
      objectReference: {fileID: 0}
    - target: {fileID: 4210577086663916902, guid: 631da4104a093304e8de046a05b1ea54, type: 3}
      propertyPath: m_LocalPosition.z
      value: 0
      objectReference: {fileID: 0}
    - target: {fileID: 4210577086663916902, guid: 631da4104a093304e8de046a05b1ea54, type: 3}
      propertyPath: m_LocalRotation.w
      value: 1
      objectReference: {fileID: 0}
    - target: {fileID: 4210577086663916902, guid: 631da4104a093304e8de046a05b1ea54, type: 3}
      propertyPath: m_LocalRotation.x
      value: 0
      objectReference: {fileID: 0}
    - target: {fileID: 4210577086663916902, guid: 631da4104a093304e8de046a05b1ea54, type: 3}
      propertyPath: m_LocalRotation.y
      value: 0
      objectReference: {fileID: 0}
    - target: {fileID: 4210577086663916902, guid: 631da4104a093304e8de046a05b1ea54, type: 3}
      propertyPath: m_LocalRotation.z
      value: 0
      objectReference: {fileID: 0}
    - target: {fileID: 4210577086663916902, guid: 631da4104a093304e8de046a05b1ea54, type: 3}
      propertyPath: m_LocalEulerAnglesHint.x
      value: 0
      objectReference: {fileID: 0}
    - target: {fileID: 4210577086663916902, guid: 631da4104a093304e8de046a05b1ea54, type: 3}
      propertyPath: m_LocalEulerAnglesHint.y
      value: 0
      objectReference: {fileID: 0}
    - target: {fileID: 4210577086663916902, guid: 631da4104a093304e8de046a05b1ea54, type: 3}
      propertyPath: m_LocalEulerAnglesHint.z
      value: 0
      objectReference: {fileID: 0}
    - target: {fileID: 4494708785776417127, guid: 631da4104a093304e8de046a05b1ea54, type: 3}
      propertyPath: value
      value: "\u043E\u0440\u0433\u0430\u043D\u0438\u0437\u0430\u0446\u0438\u0438"
      objectReference: {fileID: 0}
    - target: {fileID: 4494708785776417127, guid: 631da4104a093304e8de046a05b1ea54, type: 3}
      propertyPath: layer.m_Bits
      value: 128
      objectReference: {fileID: 0}
    - target: {fileID: 6382816088064579074, guid: 631da4104a093304e8de046a05b1ea54, type: 3}
      propertyPath: m_AnchoredPosition.x
      value: -0.049804688
      objectReference: {fileID: 0}
    - target: {fileID: 6382816088064579074, guid: 631da4104a093304e8de046a05b1ea54, type: 3}
      propertyPath: m_AnchoredPosition.y
      value: -0.024963379
      objectReference: {fileID: 0}
    m_RemovedComponents: []
  m_SourcePrefab: {fileID: 100100000, guid: 631da4104a093304e8de046a05b1ea54, type: 3}
--- !u!4 &4470759153270331839 stripped
Transform:
  m_CorrespondingSourceObject: {fileID: 4210577086663916902, guid: 631da4104a093304e8de046a05b1ea54, type: 3}
  m_PrefabInstance: {fileID: 316846602813793497}
  m_PrefabAsset: {fileID: 0}
--- !u!1001 &5566992811512286651
PrefabInstance:
  m_ObjectHideFlags: 0
  serializedVersion: 2
  m_Modification:
    m_TransformParent: {fileID: 5566992812283799825}
    m_Modifications:
    - target: {fileID: 2586105155488779937, guid: 631da4104a093304e8de046a05b1ea54, type: 3}
      propertyPath: m_Text
      value: SELECT
      objectReference: {fileID: 0}
    - target: {fileID: 4210577086663916900, guid: 631da4104a093304e8de046a05b1ea54, type: 3}
      propertyPath: m_Name
      value: SQL Query Fragment.4
      objectReference: {fileID: 0}
    - target: {fileID: 4210577086663916902, guid: 631da4104a093304e8de046a05b1ea54, type: 3}
      propertyPath: m_RootOrder
      value: 3
      objectReference: {fileID: 0}
    - target: {fileID: 4210577086663916902, guid: 631da4104a093304e8de046a05b1ea54, type: 3}
      propertyPath: m_LocalPosition.x
      value: 1.12
      objectReference: {fileID: 0}
    - target: {fileID: 4210577086663916902, guid: 631da4104a093304e8de046a05b1ea54, type: 3}
      propertyPath: m_LocalPosition.y
      value: 3.23
      objectReference: {fileID: 0}
    - target: {fileID: 4210577086663916902, guid: 631da4104a093304e8de046a05b1ea54, type: 3}
      propertyPath: m_LocalPosition.z
      value: 0
      objectReference: {fileID: 0}
    - target: {fileID: 4210577086663916902, guid: 631da4104a093304e8de046a05b1ea54, type: 3}
      propertyPath: m_LocalRotation.w
      value: 1
      objectReference: {fileID: 0}
    - target: {fileID: 4210577086663916902, guid: 631da4104a093304e8de046a05b1ea54, type: 3}
      propertyPath: m_LocalRotation.x
      value: 0
      objectReference: {fileID: 0}
    - target: {fileID: 4210577086663916902, guid: 631da4104a093304e8de046a05b1ea54, type: 3}
      propertyPath: m_LocalRotation.y
      value: 0
      objectReference: {fileID: 0}
    - target: {fileID: 4210577086663916902, guid: 631da4104a093304e8de046a05b1ea54, type: 3}
      propertyPath: m_LocalRotation.z
      value: 0
      objectReference: {fileID: 0}
    - target: {fileID: 4210577086663916902, guid: 631da4104a093304e8de046a05b1ea54, type: 3}
      propertyPath: m_LocalEulerAnglesHint.x
      value: 0
      objectReference: {fileID: 0}
    - target: {fileID: 4210577086663916902, guid: 631da4104a093304e8de046a05b1ea54, type: 3}
      propertyPath: m_LocalEulerAnglesHint.y
      value: 0
      objectReference: {fileID: 0}
    - target: {fileID: 4210577086663916902, guid: 631da4104a093304e8de046a05b1ea54, type: 3}
      propertyPath: m_LocalEulerAnglesHint.z
      value: 0
      objectReference: {fileID: 0}
    - target: {fileID: 4494708785776417127, guid: 631da4104a093304e8de046a05b1ea54, type: 3}
      propertyPath: value
      value: "\u0438\u0437\u043D\u043E\u0441"
      objectReference: {fileID: 0}
    - target: {fileID: 4494708785776417127, guid: 631da4104a093304e8de046a05b1ea54, type: 3}
      propertyPath: layer.m_Bits
      value: 128
      objectReference: {fileID: 0}
    - target: {fileID: 6382816088064579074, guid: 631da4104a093304e8de046a05b1ea54, type: 3}
      propertyPath: m_AnchoredPosition.x
      value: -0.049804688
      objectReference: {fileID: 0}
    - target: {fileID: 6382816088064579074, guid: 631da4104a093304e8de046a05b1ea54, type: 3}
      propertyPath: m_AnchoredPosition.y
      value: -0.024963379
      objectReference: {fileID: 0}
    m_RemovedComponents: []
  m_SourcePrefab: {fileID: 100100000, guid: 631da4104a093304e8de046a05b1ea54, type: 3}
--- !u!4 &8588109380071174365 stripped
Transform:
  m_CorrespondingSourceObject: {fileID: 4210577086663916902, guid: 631da4104a093304e8de046a05b1ea54, type: 3}
  m_PrefabInstance: {fileID: 5566992811512286651}
  m_PrefabAsset: {fileID: 0}
--- !u!1001 &5566992811555494393
PrefabInstance:
  m_ObjectHideFlags: 0
  serializedVersion: 2
  m_Modification:
    m_TransformParent: {fileID: 5566992812283799825}
    m_Modifications:
    - target: {fileID: 2586105155488779937, guid: 631da4104a093304e8de046a05b1ea54, type: 3}
      propertyPath: m_Text
      value: SELECT
      objectReference: {fileID: 0}
    - target: {fileID: 4210577086663916900, guid: 631da4104a093304e8de046a05b1ea54, type: 3}
      propertyPath: m_Name
      value: SQL Query Fragment.8
      objectReference: {fileID: 0}
    - target: {fileID: 4210577086663916902, guid: 631da4104a093304e8de046a05b1ea54, type: 3}
      propertyPath: m_RootOrder
      value: 7
      objectReference: {fileID: 0}
    - target: {fileID: 4210577086663916902, guid: 631da4104a093304e8de046a05b1ea54, type: 3}
      propertyPath: m_LocalPosition.x
      value: 1.061
      objectReference: {fileID: 0}
    - target: {fileID: 4210577086663916902, guid: 631da4104a093304e8de046a05b1ea54, type: 3}
      propertyPath: m_LocalPosition.y
      value: 2.203
      objectReference: {fileID: 0}
    - target: {fileID: 4210577086663916902, guid: 631da4104a093304e8de046a05b1ea54, type: 3}
      propertyPath: m_LocalPosition.z
      value: 0
      objectReference: {fileID: 0}
    - target: {fileID: 4210577086663916902, guid: 631da4104a093304e8de046a05b1ea54, type: 3}
      propertyPath: m_LocalRotation.w
      value: 1
      objectReference: {fileID: 0}
    - target: {fileID: 4210577086663916902, guid: 631da4104a093304e8de046a05b1ea54, type: 3}
      propertyPath: m_LocalRotation.x
      value: 0
      objectReference: {fileID: 0}
    - target: {fileID: 4210577086663916902, guid: 631da4104a093304e8de046a05b1ea54, type: 3}
      propertyPath: m_LocalRotation.y
      value: 0
      objectReference: {fileID: 0}
    - target: {fileID: 4210577086663916902, guid: 631da4104a093304e8de046a05b1ea54, type: 3}
      propertyPath: m_LocalRotation.z
      value: 0
      objectReference: {fileID: 0}
    - target: {fileID: 4210577086663916902, guid: 631da4104a093304e8de046a05b1ea54, type: 3}
      propertyPath: m_LocalEulerAnglesHint.x
      value: 0
      objectReference: {fileID: 0}
    - target: {fileID: 4210577086663916902, guid: 631da4104a093304e8de046a05b1ea54, type: 3}
      propertyPath: m_LocalEulerAnglesHint.y
      value: 0
      objectReference: {fileID: 0}
    - target: {fileID: 4210577086663916902, guid: 631da4104a093304e8de046a05b1ea54, type: 3}
      propertyPath: m_LocalEulerAnglesHint.z
      value: 0
      objectReference: {fileID: 0}
    - target: {fileID: 4494708785776417127, guid: 631da4104a093304e8de046a05b1ea54, type: 3}
      propertyPath: value
      value: "\u0433\u043E\u0441\u043D\u043E\u043C\u0435\u0440"
      objectReference: {fileID: 0}
    - target: {fileID: 4494708785776417127, guid: 631da4104a093304e8de046a05b1ea54, type: 3}
      propertyPath: layer.m_Bits
      value: 128
      objectReference: {fileID: 0}
    - target: {fileID: 6382816088064579074, guid: 631da4104a093304e8de046a05b1ea54, type: 3}
      propertyPath: m_AnchoredPosition.x
      value: -0.049804688
      objectReference: {fileID: 0}
    - target: {fileID: 6382816088064579074, guid: 631da4104a093304e8de046a05b1ea54, type: 3}
      propertyPath: m_AnchoredPosition.y
      value: -0.024963379
      objectReference: {fileID: 0}
    m_RemovedComponents: []
  m_SourcePrefab: {fileID: 100100000, guid: 631da4104a093304e8de046a05b1ea54, type: 3}
--- !u!4 &8588109380047299743 stripped
Transform:
  m_CorrespondingSourceObject: {fileID: 4210577086663916902, guid: 631da4104a093304e8de046a05b1ea54, type: 3}
  m_PrefabInstance: {fileID: 5566992811555494393}
  m_PrefabAsset: {fileID: 0}
--- !u!1001 &5566992811878898180
PrefabInstance:
  m_ObjectHideFlags: 0
  serializedVersion: 2
  m_Modification:
    m_TransformParent: {fileID: 5566992812283799825}
    m_Modifications:
    - target: {fileID: 2586105155488779937, guid: 631da4104a093304e8de046a05b1ea54, type: 3}
      propertyPath: m_Text
      value: SELECT
      objectReference: {fileID: 0}
    - target: {fileID: 4210577086663916900, guid: 631da4104a093304e8de046a05b1ea54, type: 3}
      propertyPath: m_Name
      value: SQL Query Fragment.2
      objectReference: {fileID: 0}
    - target: {fileID: 4210577086663916902, guid: 631da4104a093304e8de046a05b1ea54, type: 3}
      propertyPath: m_RootOrder
      value: 1
      objectReference: {fileID: 0}
    - target: {fileID: 4210577086663916902, guid: 631da4104a093304e8de046a05b1ea54, type: 3}
      propertyPath: m_LocalPosition.x
      value: 0.5
      objectReference: {fileID: 0}
    - target: {fileID: 4210577086663916902, guid: 631da4104a093304e8de046a05b1ea54, type: 3}
      propertyPath: m_LocalPosition.y
      value: -0.46
      objectReference: {fileID: 0}
    - target: {fileID: 4210577086663916902, guid: 631da4104a093304e8de046a05b1ea54, type: 3}
      propertyPath: m_LocalPosition.z
      value: 0
      objectReference: {fileID: 0}
    - target: {fileID: 4210577086663916902, guid: 631da4104a093304e8de046a05b1ea54, type: 3}
      propertyPath: m_LocalRotation.w
      value: 1
      objectReference: {fileID: 0}
    - target: {fileID: 4210577086663916902, guid: 631da4104a093304e8de046a05b1ea54, type: 3}
      propertyPath: m_LocalRotation.x
      value: 0
      objectReference: {fileID: 0}
    - target: {fileID: 4210577086663916902, guid: 631da4104a093304e8de046a05b1ea54, type: 3}
      propertyPath: m_LocalRotation.y
      value: 0
      objectReference: {fileID: 0}
    - target: {fileID: 4210577086663916902, guid: 631da4104a093304e8de046a05b1ea54, type: 3}
      propertyPath: m_LocalRotation.z
      value: 0
      objectReference: {fileID: 0}
    - target: {fileID: 4210577086663916902, guid: 631da4104a093304e8de046a05b1ea54, type: 3}
      propertyPath: m_LocalEulerAnglesHint.x
      value: 0
      objectReference: {fileID: 0}
    - target: {fileID: 4210577086663916902, guid: 631da4104a093304e8de046a05b1ea54, type: 3}
      propertyPath: m_LocalEulerAnglesHint.y
      value: 0
      objectReference: {fileID: 0}
    - target: {fileID: 4210577086663916902, guid: 631da4104a093304e8de046a05b1ea54, type: 3}
      propertyPath: m_LocalEulerAnglesHint.z
      value: 0
      objectReference: {fileID: 0}
    - target: {fileID: 4494708785776417127, guid: 631da4104a093304e8de046a05b1ea54, type: 3}
      propertyPath: value
      value: "\u0442\u0440\u0430\u043D\u0441\u043F\u043E\u0440\u0442"
      objectReference: {fileID: 0}
    - target: {fileID: 4494708785776417127, guid: 631da4104a093304e8de046a05b1ea54, type: 3}
      propertyPath: layer.m_Bits
      value: 128
      objectReference: {fileID: 0}
    - target: {fileID: 6382816088064579074, guid: 631da4104a093304e8de046a05b1ea54, type: 3}
      propertyPath: m_AnchoredPosition.x
      value: -0.049804688
      objectReference: {fileID: 0}
    - target: {fileID: 6382816088064579074, guid: 631da4104a093304e8de046a05b1ea54, type: 3}
      propertyPath: m_AnchoredPosition.y
      value: -0.024963379
      objectReference: {fileID: 0}
    m_RemovedComponents: []
  m_SourcePrefab: {fileID: 100100000, guid: 631da4104a093304e8de046a05b1ea54, type: 3}
--- !u!4 &8588109379699582818 stripped
Transform:
  m_CorrespondingSourceObject: {fileID: 4210577086663916902, guid: 631da4104a093304e8de046a05b1ea54, type: 3}
  m_PrefabInstance: {fileID: 5566992811878898180}
  m_PrefabAsset: {fileID: 0}
--- !u!1001 &5566992812293273255
PrefabInstance:
  m_ObjectHideFlags: 0
  serializedVersion: 2
  m_Modification:
    m_TransformParent: {fileID: 5566992812283799825}
    m_Modifications:
    - target: {fileID: 2586105155488779937, guid: 631da4104a093304e8de046a05b1ea54, type: 3}
      propertyPath: m_Text
      value: SELECT
      objectReference: {fileID: 0}
    - target: {fileID: 4210577086663916900, guid: 631da4104a093304e8de046a05b1ea54, type: 3}
      propertyPath: m_Name
      value: SQL Query Fragment.6
      objectReference: {fileID: 0}
    - target: {fileID: 4210577086663916902, guid: 631da4104a093304e8de046a05b1ea54, type: 3}
      propertyPath: m_RootOrder
      value: 5
      objectReference: {fileID: 0}
    - target: {fileID: 4210577086663916902, guid: 631da4104a093304e8de046a05b1ea54, type: 3}
      propertyPath: m_LocalPosition.x
      value: -1.08
      objectReference: {fileID: 0}
    - target: {fileID: 4210577086663916902, guid: 631da4104a093304e8de046a05b1ea54, type: 3}
      propertyPath: m_LocalPosition.y
      value: 0.82
      objectReference: {fileID: 0}
    - target: {fileID: 4210577086663916902, guid: 631da4104a093304e8de046a05b1ea54, type: 3}
      propertyPath: m_LocalPosition.z
      value: 0
      objectReference: {fileID: 0}
    - target: {fileID: 4210577086663916902, guid: 631da4104a093304e8de046a05b1ea54, type: 3}
      propertyPath: m_LocalRotation.w
      value: 1
      objectReference: {fileID: 0}
    - target: {fileID: 4210577086663916902, guid: 631da4104a093304e8de046a05b1ea54, type: 3}
      propertyPath: m_LocalRotation.x
      value: 0
      objectReference: {fileID: 0}
    - target: {fileID: 4210577086663916902, guid: 631da4104a093304e8de046a05b1ea54, type: 3}
      propertyPath: m_LocalRotation.y
      value: 0
      objectReference: {fileID: 0}
    - target: {fileID: 4210577086663916902, guid: 631da4104a093304e8de046a05b1ea54, type: 3}
      propertyPath: m_LocalRotation.z
      value: 0
      objectReference: {fileID: 0}
    - target: {fileID: 4210577086663916902, guid: 631da4104a093304e8de046a05b1ea54, type: 3}
      propertyPath: m_LocalEulerAnglesHint.x
      value: 0
      objectReference: {fileID: 0}
    - target: {fileID: 4210577086663916902, guid: 631da4104a093304e8de046a05b1ea54, type: 3}
      propertyPath: m_LocalEulerAnglesHint.y
      value: 0
      objectReference: {fileID: 0}
    - target: {fileID: 4210577086663916902, guid: 631da4104a093304e8de046a05b1ea54, type: 3}
      propertyPath: m_LocalEulerAnglesHint.z
      value: 0
      objectReference: {fileID: 0}
    - target: {fileID: 4494708785776417127, guid: 631da4104a093304e8de046a05b1ea54, type: 3}
      propertyPath: value
      value: "\u0438\u0437\u043D\u043E\u0441*0.15"
      objectReference: {fileID: 0}
    - target: {fileID: 4494708785776417127, guid: 631da4104a093304e8de046a05b1ea54, type: 3}
      propertyPath: layer.m_Bits
      value: 128
      objectReference: {fileID: 0}
    - target: {fileID: 6382816088064579074, guid: 631da4104a093304e8de046a05b1ea54, type: 3}
      propertyPath: m_AnchoredPosition.x
      value: -0.049804688
      objectReference: {fileID: 0}
    - target: {fileID: 6382816088064579074, guid: 631da4104a093304e8de046a05b1ea54, type: 3}
      propertyPath: m_AnchoredPosition.y
      value: -0.024963379
      objectReference: {fileID: 0}
    m_RemovedComponents: []
  m_SourcePrefab: {fileID: 100100000, guid: 631da4104a093304e8de046a05b1ea54, type: 3}
--- !u!4 &8588109379308669889 stripped
Transform:
  m_CorrespondingSourceObject: {fileID: 4210577086663916902, guid: 631da4104a093304e8de046a05b1ea54, type: 3}
  m_PrefabInstance: {fileID: 5566992812293273255}
  m_PrefabAsset: {fileID: 0}
--- !u!1001 &5566992812656444565
PrefabInstance:
  m_ObjectHideFlags: 0
  serializedVersion: 2
  m_Modification:
    m_TransformParent: {fileID: 5566992812283799825}
    m_Modifications:
    - target: {fileID: 2586105155488779937, guid: 631da4104a093304e8de046a05b1ea54, type: 3}
      propertyPath: m_Text
      value: SELECT
      objectReference: {fileID: 0}
    - target: {fileID: 4210577086663916900, guid: 631da4104a093304e8de046a05b1ea54, type: 3}
      propertyPath: m_Name
      value: SQL Query Fragment.3
      objectReference: {fileID: 0}
    - target: {fileID: 4210577086663916902, guid: 631da4104a093304e8de046a05b1ea54, type: 3}
      propertyPath: m_RootOrder
      value: 2
      objectReference: {fileID: 0}
    - target: {fileID: 4210577086663916902, guid: 631da4104a093304e8de046a05b1ea54, type: 3}
      propertyPath: m_LocalPosition.x
      value: -1.09
      objectReference: {fileID: 0}
    - target: {fileID: 4210577086663916902, guid: 631da4104a093304e8de046a05b1ea54, type: 3}
      propertyPath: m_LocalPosition.y
      value: 0.12
      objectReference: {fileID: 0}
    - target: {fileID: 4210577086663916902, guid: 631da4104a093304e8de046a05b1ea54, type: 3}
      propertyPath: m_LocalPosition.z
      value: 0
      objectReference: {fileID: 0}
    - target: {fileID: 4210577086663916902, guid: 631da4104a093304e8de046a05b1ea54, type: 3}
      propertyPath: m_LocalRotation.w
      value: 1
      objectReference: {fileID: 0}
    - target: {fileID: 4210577086663916902, guid: 631da4104a093304e8de046a05b1ea54, type: 3}
      propertyPath: m_LocalRotation.x
      value: 0
      objectReference: {fileID: 0}
    - target: {fileID: 4210577086663916902, guid: 631da4104a093304e8de046a05b1ea54, type: 3}
      propertyPath: m_LocalRotation.y
      value: 0
      objectReference: {fileID: 0}
    - target: {fileID: 4210577086663916902, guid: 631da4104a093304e8de046a05b1ea54, type: 3}
      propertyPath: m_LocalRotation.z
      value: 0
      objectReference: {fileID: 0}
    - target: {fileID: 4210577086663916902, guid: 631da4104a093304e8de046a05b1ea54, type: 3}
      propertyPath: m_LocalEulerAnglesHint.x
      value: 0
      objectReference: {fileID: 0}
    - target: {fileID: 4210577086663916902, guid: 631da4104a093304e8de046a05b1ea54, type: 3}
      propertyPath: m_LocalEulerAnglesHint.y
      value: 0
      objectReference: {fileID: 0}
    - target: {fileID: 4210577086663916902, guid: 631da4104a093304e8de046a05b1ea54, type: 3}
      propertyPath: m_LocalEulerAnglesHint.z
      value: 0
      objectReference: {fileID: 0}
    - target: {fileID: 4494708785776417127, guid: 631da4104a093304e8de046a05b1ea54, type: 3}
      propertyPath: value
      value: SET
      objectReference: {fileID: 0}
    - target: {fileID: 4494708785776417127, guid: 631da4104a093304e8de046a05b1ea54, type: 3}
      propertyPath: layer.m_Bits
      value: 128
      objectReference: {fileID: 0}
    - target: {fileID: 6382816088064579074, guid: 631da4104a093304e8de046a05b1ea54, type: 3}
      propertyPath: m_AnchoredPosition.x
      value: -0.049804688
      objectReference: {fileID: 0}
    - target: {fileID: 6382816088064579074, guid: 631da4104a093304e8de046a05b1ea54, type: 3}
      propertyPath: m_AnchoredPosition.y
      value: -0.024963379
      objectReference: {fileID: 0}
    m_RemovedComponents: []
  m_SourcePrefab: {fileID: 100100000, guid: 631da4104a093304e8de046a05b1ea54, type: 3}
--- !u!4 &8588109381081119219 stripped
Transform:
  m_CorrespondingSourceObject: {fileID: 4210577086663916902, guid: 631da4104a093304e8de046a05b1ea54, type: 3}
  m_PrefabInstance: {fileID: 5566992812656444565}
  m_PrefabAsset: {fileID: 0}
--- !u!1001 &5566992813149409322
PrefabInstance:
  m_ObjectHideFlags: 0
  serializedVersion: 2
  m_Modification:
    m_TransformParent: {fileID: 5566992812283799825}
    m_Modifications:
    - target: {fileID: 2586105155488779937, guid: 631da4104a093304e8de046a05b1ea54, type: 3}
      propertyPath: m_Text
      value: SELECT
      objectReference: {fileID: 0}
    - target: {fileID: 4210577086663916900, guid: 631da4104a093304e8de046a05b1ea54, type: 3}
      propertyPath: m_Name
      value: SQL Query Fragment.1
      objectReference: {fileID: 0}
    - target: {fileID: 4210577086663916902, guid: 631da4104a093304e8de046a05b1ea54, type: 3}
      propertyPath: m_RootOrder
      value: 0
      objectReference: {fileID: 0}
    - target: {fileID: 4210577086663916902, guid: 631da4104a093304e8de046a05b1ea54, type: 3}
      propertyPath: m_LocalPosition.x
      value: 1
      objectReference: {fileID: 0}
    - target: {fileID: 4210577086663916902, guid: 631da4104a093304e8de046a05b1ea54, type: 3}
      propertyPath: m_LocalPosition.y
      value: 1.65
      objectReference: {fileID: 0}
    - target: {fileID: 4210577086663916902, guid: 631da4104a093304e8de046a05b1ea54, type: 3}
      propertyPath: m_LocalPosition.z
      value: 0
      objectReference: {fileID: 0}
    - target: {fileID: 4210577086663916902, guid: 631da4104a093304e8de046a05b1ea54, type: 3}
      propertyPath: m_LocalRotation.w
      value: 1
      objectReference: {fileID: 0}
    - target: {fileID: 4210577086663916902, guid: 631da4104a093304e8de046a05b1ea54, type: 3}
      propertyPath: m_LocalRotation.x
      value: 0
      objectReference: {fileID: 0}
    - target: {fileID: 4210577086663916902, guid: 631da4104a093304e8de046a05b1ea54, type: 3}
      propertyPath: m_LocalRotation.y
      value: 0
      objectReference: {fileID: 0}
    - target: {fileID: 4210577086663916902, guid: 631da4104a093304e8de046a05b1ea54, type: 3}
      propertyPath: m_LocalRotation.z
      value: 0
      objectReference: {fileID: 0}
    - target: {fileID: 4210577086663916902, guid: 631da4104a093304e8de046a05b1ea54, type: 3}
      propertyPath: m_LocalEulerAnglesHint.x
      value: 0
      objectReference: {fileID: 0}
    - target: {fileID: 4210577086663916902, guid: 631da4104a093304e8de046a05b1ea54, type: 3}
      propertyPath: m_LocalEulerAnglesHint.y
      value: 0
      objectReference: {fileID: 0}
    - target: {fileID: 4210577086663916902, guid: 631da4104a093304e8de046a05b1ea54, type: 3}
      propertyPath: m_LocalEulerAnglesHint.z
      value: 0
      objectReference: {fileID: 0}
    - target: {fileID: 4494708785776417127, guid: 631da4104a093304e8de046a05b1ea54, type: 3}
      propertyPath: value
      value: UPDATE
      objectReference: {fileID: 0}
    - target: {fileID: 4494708785776417127, guid: 631da4104a093304e8de046a05b1ea54, type: 3}
      propertyPath: layer.m_Bits
      value: 128
      objectReference: {fileID: 0}
    - target: {fileID: 6382816088064579074, guid: 631da4104a093304e8de046a05b1ea54, type: 3}
      propertyPath: m_AnchoredPosition.x
      value: -0.049804688
      objectReference: {fileID: 0}
    - target: {fileID: 6382816088064579074, guid: 631da4104a093304e8de046a05b1ea54, type: 3}
      propertyPath: m_AnchoredPosition.y
      value: -0.024963379
      objectReference: {fileID: 0}
    m_RemovedComponents: []
  m_SourcePrefab: {fileID: 100100000, guid: 631da4104a093304e8de046a05b1ea54, type: 3}
--- !u!4 &8588109380567444812 stripped
Transform:
  m_CorrespondingSourceObject: {fileID: 4210577086663916902, guid: 631da4104a093304e8de046a05b1ea54, type: 3}
  m_PrefabInstance: {fileID: 5566992813149409322}
  m_PrefabAsset: {fileID: 0}
--- !u!1001 &5566992813185347348
PrefabInstance:
  m_ObjectHideFlags: 0
  serializedVersion: 2
  m_Modification:
    m_TransformParent: {fileID: 5566992812283799825}
    m_Modifications:
    - target: {fileID: 2586105155488779937, guid: 631da4104a093304e8de046a05b1ea54, type: 3}
      propertyPath: m_Text
      value: SELECT
      objectReference: {fileID: 0}
    - target: {fileID: 4210577086663916900, guid: 631da4104a093304e8de046a05b1ea54, type: 3}
      propertyPath: m_Name
      value: SQL Query Fragment.7
      objectReference: {fileID: 0}
    - target: {fileID: 4210577086663916902, guid: 631da4104a093304e8de046a05b1ea54, type: 3}
      propertyPath: m_RootOrder
      value: 6
      objectReference: {fileID: 0}
    - target: {fileID: 4210577086663916902, guid: 631da4104a093304e8de046a05b1ea54, type: 3}
      propertyPath: m_LocalPosition.x
      value: -0.998
      objectReference: {fileID: 0}
    - target: {fileID: 4210577086663916902, guid: 631da4104a093304e8de046a05b1ea54, type: 3}
      propertyPath: m_LocalPosition.y
      value: 2.395
      objectReference: {fileID: 0}
    - target: {fileID: 4210577086663916902, guid: 631da4104a093304e8de046a05b1ea54, type: 3}
      propertyPath: m_LocalPosition.z
      value: 0
      objectReference: {fileID: 0}
    - target: {fileID: 4210577086663916902, guid: 631da4104a093304e8de046a05b1ea54, type: 3}
      propertyPath: m_LocalRotation.w
      value: 1
      objectReference: {fileID: 0}
    - target: {fileID: 4210577086663916902, guid: 631da4104a093304e8de046a05b1ea54, type: 3}
      propertyPath: m_LocalRotation.x
      value: 0
      objectReference: {fileID: 0}
    - target: {fileID: 4210577086663916902, guid: 631da4104a093304e8de046a05b1ea54, type: 3}
      propertyPath: m_LocalRotation.y
      value: 0
      objectReference: {fileID: 0}
    - target: {fileID: 4210577086663916902, guid: 631da4104a093304e8de046a05b1ea54, type: 3}
      propertyPath: m_LocalRotation.z
      value: 0
      objectReference: {fileID: 0}
    - target: {fileID: 4210577086663916902, guid: 631da4104a093304e8de046a05b1ea54, type: 3}
      propertyPath: m_LocalEulerAnglesHint.x
      value: 0
      objectReference: {fileID: 0}
    - target: {fileID: 4210577086663916902, guid: 631da4104a093304e8de046a05b1ea54, type: 3}
      propertyPath: m_LocalEulerAnglesHint.y
      value: 0
      objectReference: {fileID: 0}
    - target: {fileID: 4210577086663916902, guid: 631da4104a093304e8de046a05b1ea54, type: 3}
      propertyPath: m_LocalEulerAnglesHint.z
      value: 0
      objectReference: {fileID: 0}
    - target: {fileID: 4494708785776417127, guid: 631da4104a093304e8de046a05b1ea54, type: 3}
      propertyPath: value
      value: WHERE
      objectReference: {fileID: 0}
    - target: {fileID: 4494708785776417127, guid: 631da4104a093304e8de046a05b1ea54, type: 3}
      propertyPath: layer.m_Bits
      value: 128
      objectReference: {fileID: 0}
    - target: {fileID: 6382816088064579074, guid: 631da4104a093304e8de046a05b1ea54, type: 3}
      propertyPath: m_AnchoredPosition.x
      value: -0.049804688
      objectReference: {fileID: 0}
    - target: {fileID: 6382816088064579074, guid: 631da4104a093304e8de046a05b1ea54, type: 3}
      propertyPath: m_AnchoredPosition.y
      value: -0.024963379
      objectReference: {fileID: 0}
    m_RemovedComponents: []
  m_SourcePrefab: {fileID: 100100000, guid: 631da4104a093304e8de046a05b1ea54, type: 3}
--- !u!4 &8588109380536291954 stripped
Transform:
  m_CorrespondingSourceObject: {fileID: 4210577086663916902, guid: 631da4104a093304e8de046a05b1ea54, type: 3}
  m_PrefabInstance: {fileID: 5566992813185347348}
  m_PrefabAsset: {fileID: 0}
--- !u!1001 &5566992813229935536
PrefabInstance:
  m_ObjectHideFlags: 0
  serializedVersion: 2
  m_Modification:
    m_TransformParent: {fileID: 5566992812283799825}
    m_Modifications:
    - target: {fileID: 2586105155488779937, guid: 631da4104a093304e8de046a05b1ea54, type: 3}
      propertyPath: m_Text
      value: SELECT
      objectReference: {fileID: 0}
    - target: {fileID: 4210577086663916900, guid: 631da4104a093304e8de046a05b1ea54, type: 3}
      propertyPath: m_Name
      value: SQL Query Fragment.5
      objectReference: {fileID: 0}
    - target: {fileID: 4210577086663916902, guid: 631da4104a093304e8de046a05b1ea54, type: 3}
      propertyPath: m_RootOrder
      value: 4
      objectReference: {fileID: 0}
    - target: {fileID: 4210577086663916902, guid: 631da4104a093304e8de046a05b1ea54, type: 3}
      propertyPath: m_LocalPosition.x
      value: 0.33
      objectReference: {fileID: 0}
    - target: {fileID: 4210577086663916902, guid: 631da4104a093304e8de046a05b1ea54, type: 3}
      propertyPath: m_LocalPosition.y
      value: 2.78
      objectReference: {fileID: 0}
    - target: {fileID: 4210577086663916902, guid: 631da4104a093304e8de046a05b1ea54, type: 3}
      propertyPath: m_LocalPosition.z
      value: 0
      objectReference: {fileID: 0}
    - target: {fileID: 4210577086663916902, guid: 631da4104a093304e8de046a05b1ea54, type: 3}
      propertyPath: m_LocalRotation.w
      value: 1
      objectReference: {fileID: 0}
    - target: {fileID: 4210577086663916902, guid: 631da4104a093304e8de046a05b1ea54, type: 3}
      propertyPath: m_LocalRotation.x
      value: 0
      objectReference: {fileID: 0}
    - target: {fileID: 4210577086663916902, guid: 631da4104a093304e8de046a05b1ea54, type: 3}
      propertyPath: m_LocalRotation.y
      value: 0
      objectReference: {fileID: 0}
    - target: {fileID: 4210577086663916902, guid: 631da4104a093304e8de046a05b1ea54, type: 3}
      propertyPath: m_LocalRotation.z
      value: 0
      objectReference: {fileID: 0}
    - target: {fileID: 4210577086663916902, guid: 631da4104a093304e8de046a05b1ea54, type: 3}
      propertyPath: m_LocalEulerAnglesHint.x
      value: 0
      objectReference: {fileID: 0}
    - target: {fileID: 4210577086663916902, guid: 631da4104a093304e8de046a05b1ea54, type: 3}
      propertyPath: m_LocalEulerAnglesHint.y
      value: 0
      objectReference: {fileID: 0}
    - target: {fileID: 4210577086663916902, guid: 631da4104a093304e8de046a05b1ea54, type: 3}
      propertyPath: m_LocalEulerAnglesHint.z
      value: 0
      objectReference: {fileID: 0}
    - target: {fileID: 4494708785776417127, guid: 631da4104a093304e8de046a05b1ea54, type: 3}
      propertyPath: value
      value: =
      objectReference: {fileID: 0}
    - target: {fileID: 4494708785776417127, guid: 631da4104a093304e8de046a05b1ea54, type: 3}
      propertyPath: layer.m_Bits
      value: 128
      objectReference: {fileID: 0}
    - target: {fileID: 6382816088064579074, guid: 631da4104a093304e8de046a05b1ea54, type: 3}
      propertyPath: m_AnchoredPosition.x
      value: -0.049804688
      objectReference: {fileID: 0}
    - target: {fileID: 6382816088064579074, guid: 631da4104a093304e8de046a05b1ea54, type: 3}
      propertyPath: m_AnchoredPosition.y
      value: -0.024963379
      objectReference: {fileID: 0}
    m_RemovedComponents: []
  m_SourcePrefab: {fileID: 100100000, guid: 631da4104a093304e8de046a05b1ea54, type: 3}
--- !u!4 &8588109380513789654 stripped
Transform:
  m_CorrespondingSourceObject: {fileID: 4210577086663916902, guid: 631da4104a093304e8de046a05b1ea54, type: 3}
  m_PrefabInstance: {fileID: 5566992813229935536}
  m_PrefabAsset: {fileID: 0}
--- !u!1001 &6511412610709541107
PrefabInstance:
  m_ObjectHideFlags: 0
  serializedVersion: 2
  m_Modification:
    m_TransformParent: {fileID: 5566992812283799825}
    m_Modifications:
    - target: {fileID: 2586105155488779937, guid: 631da4104a093304e8de046a05b1ea54, type: 3}
      propertyPath: m_Text
      value: SELECT
      objectReference: {fileID: 0}
    - target: {fileID: 4210577086663916900, guid: 631da4104a093304e8de046a05b1ea54, type: 3}
      propertyPath: m_Name
      value: SQL Query Fragment.9
      objectReference: {fileID: 0}
    - target: {fileID: 4210577086663916902, guid: 631da4104a093304e8de046a05b1ea54, type: 3}
      propertyPath: m_RootOrder
      value: 8
      objectReference: {fileID: 0}
    - target: {fileID: 4210577086663916902, guid: 631da4104a093304e8de046a05b1ea54, type: 3}
      propertyPath: m_LocalPosition.x
      value: -1.12
      objectReference: {fileID: 0}
    - target: {fileID: 4210577086663916902, guid: 631da4104a093304e8de046a05b1ea54, type: 3}
      propertyPath: m_LocalPosition.y
      value: 3.2
      objectReference: {fileID: 0}
    - target: {fileID: 4210577086663916902, guid: 631da4104a093304e8de046a05b1ea54, type: 3}
      propertyPath: m_LocalPosition.z
      value: 0
      objectReference: {fileID: 0}
    - target: {fileID: 4210577086663916902, guid: 631da4104a093304e8de046a05b1ea54, type: 3}
      propertyPath: m_LocalRotation.w
      value: 1
      objectReference: {fileID: 0}
    - target: {fileID: 4210577086663916902, guid: 631da4104a093304e8de046a05b1ea54, type: 3}
      propertyPath: m_LocalRotation.x
      value: 0
      objectReference: {fileID: 0}
    - target: {fileID: 4210577086663916902, guid: 631da4104a093304e8de046a05b1ea54, type: 3}
      propertyPath: m_LocalRotation.y
      value: 0
      objectReference: {fileID: 0}
    - target: {fileID: 4210577086663916902, guid: 631da4104a093304e8de046a05b1ea54, type: 3}
      propertyPath: m_LocalRotation.z
      value: 0
      objectReference: {fileID: 0}
    - target: {fileID: 4210577086663916902, guid: 631da4104a093304e8de046a05b1ea54, type: 3}
      propertyPath: m_LocalEulerAnglesHint.x
      value: 0
      objectReference: {fileID: 0}
    - target: {fileID: 4210577086663916902, guid: 631da4104a093304e8de046a05b1ea54, type: 3}
      propertyPath: m_LocalEulerAnglesHint.y
      value: 0
      objectReference: {fileID: 0}
    - target: {fileID: 4210577086663916902, guid: 631da4104a093304e8de046a05b1ea54, type: 3}
      propertyPath: m_LocalEulerAnglesHint.z
      value: 0
      objectReference: {fileID: 0}
    - target: {fileID: 4494708785776417127, guid: 631da4104a093304e8de046a05b1ea54, type: 3}
      propertyPath: value
      value: =
      objectReference: {fileID: 0}
    - target: {fileID: 4494708785776417127, guid: 631da4104a093304e8de046a05b1ea54, type: 3}
      propertyPath: layer.m_Bits
      value: 128
      objectReference: {fileID: 0}
    - target: {fileID: 6382816088064579074, guid: 631da4104a093304e8de046a05b1ea54, type: 3}
      propertyPath: m_AnchoredPosition.x
      value: -0.049804688
      objectReference: {fileID: 0}
    - target: {fileID: 6382816088064579074, guid: 631da4104a093304e8de046a05b1ea54, type: 3}
      propertyPath: m_AnchoredPosition.y
      value: -0.024963379
      objectReference: {fileID: 0}
    m_RemovedComponents: []
  m_SourcePrefab: {fileID: 100100000, guid: 631da4104a093304e8de046a05b1ea54, type: 3}
--- !u!4 &6932120405957619093 stripped
Transform:
  m_CorrespondingSourceObject: {fileID: 4210577086663916902, guid: 631da4104a093304e8de046a05b1ea54, type: 3}
  m_PrefabInstance: {fileID: 6511412610709541107}
  m_PrefabAsset: {fileID: 0}
--- !u!1001 &6511412610842178112
PrefabInstance:
  m_ObjectHideFlags: 0
  serializedVersion: 2
  m_Modification:
    m_TransformParent: {fileID: 5566992812283799825}
    m_Modifications:
    - target: {fileID: 2586105155488779937, guid: 631da4104a093304e8de046a05b1ea54, type: 3}
      propertyPath: m_Text
      value: SELECT
      objectReference: {fileID: 0}
    - target: {fileID: 4210577086663916900, guid: 631da4104a093304e8de046a05b1ea54, type: 3}
      propertyPath: m_Name
      value: SQL Query Fragment.10
      objectReference: {fileID: 0}
    - target: {fileID: 4210577086663916902, guid: 631da4104a093304e8de046a05b1ea54, type: 3}
      propertyPath: m_RootOrder
      value: 9
      objectReference: {fileID: 0}
    - target: {fileID: 4210577086663916902, guid: 631da4104a093304e8de046a05b1ea54, type: 3}
      propertyPath: m_LocalPosition.x
      value: 0.86
      objectReference: {fileID: 0}
    - target: {fileID: 4210577086663916902, guid: 631da4104a093304e8de046a05b1ea54, type: 3}
      propertyPath: m_LocalPosition.y
      value: 0.99
      objectReference: {fileID: 0}
    - target: {fileID: 4210577086663916902, guid: 631da4104a093304e8de046a05b1ea54, type: 3}
      propertyPath: m_LocalPosition.z
      value: 0
      objectReference: {fileID: 0}
    - target: {fileID: 4210577086663916902, guid: 631da4104a093304e8de046a05b1ea54, type: 3}
      propertyPath: m_LocalRotation.w
      value: 1
      objectReference: {fileID: 0}
    - target: {fileID: 4210577086663916902, guid: 631da4104a093304e8de046a05b1ea54, type: 3}
      propertyPath: m_LocalRotation.x
      value: 0
      objectReference: {fileID: 0}
    - target: {fileID: 4210577086663916902, guid: 631da4104a093304e8de046a05b1ea54, type: 3}
      propertyPath: m_LocalRotation.y
      value: 0
      objectReference: {fileID: 0}
    - target: {fileID: 4210577086663916902, guid: 631da4104a093304e8de046a05b1ea54, type: 3}
      propertyPath: m_LocalRotation.z
      value: 0
      objectReference: {fileID: 0}
    - target: {fileID: 4210577086663916902, guid: 631da4104a093304e8de046a05b1ea54, type: 3}
      propertyPath: m_LocalEulerAnglesHint.x
      value: 0
      objectReference: {fileID: 0}
    - target: {fileID: 4210577086663916902, guid: 631da4104a093304e8de046a05b1ea54, type: 3}
      propertyPath: m_LocalEulerAnglesHint.y
      value: 0
      objectReference: {fileID: 0}
    - target: {fileID: 4210577086663916902, guid: 631da4104a093304e8de046a05b1ea54, type: 3}
      propertyPath: m_LocalEulerAnglesHint.z
      value: 0
      objectReference: {fileID: 0}
    - target: {fileID: 4494708785776417127, guid: 631da4104a093304e8de046a05b1ea54, type: 3}
      propertyPath: value
      value: "'\u0421009\u0422'"
      objectReference: {fileID: 0}
    - target: {fileID: 4494708785776417127, guid: 631da4104a093304e8de046a05b1ea54, type: 3}
      propertyPath: layer.m_Bits
      value: 128
      objectReference: {fileID: 0}
    - target: {fileID: 6382816088064579074, guid: 631da4104a093304e8de046a05b1ea54, type: 3}
      propertyPath: m_AnchoredPosition.x
      value: -0.049804688
      objectReference: {fileID: 0}
    - target: {fileID: 6382816088064579074, guid: 631da4104a093304e8de046a05b1ea54, type: 3}
      propertyPath: m_AnchoredPosition.y
      value: -0.024963379
      objectReference: {fileID: 0}
    m_RemovedComponents: []
  m_SourcePrefab: {fileID: 100100000, guid: 631da4104a093304e8de046a05b1ea54, type: 3}
--- !u!4 &6932120407969320742 stripped
Transform:
  m_CorrespondingSourceObject: {fileID: 4210577086663916902, guid: 631da4104a093304e8de046a05b1ea54, type: 3}
  m_PrefabInstance: {fileID: 6511412610842178112}
  m_PrefabAsset: {fileID: 0}
--- !u!1001 &7070131631904618858
PrefabInstance:
  m_ObjectHideFlags: 0
  serializedVersion: 2
  m_Modification:
    m_TransformParent: {fileID: 5566992812283799825}
    m_Modifications:
    - target: {fileID: 2586105155488779937, guid: 631da4104a093304e8de046a05b1ea54, type: 3}
      propertyPath: m_Text
      value: SELECT
      objectReference: {fileID: 0}
    - target: {fileID: 4210577086663916900, guid: 631da4104a093304e8de046a05b1ea54, type: 3}
      propertyPath: m_Name
      value: SQL Query Fragment.12
      objectReference: {fileID: 0}
    - target: {fileID: 4210577086663916902, guid: 631da4104a093304e8de046a05b1ea54, type: 3}
      propertyPath: m_RootOrder
      value: 11
      objectReference: {fileID: 0}
    - target: {fileID: 4210577086663916902, guid: 631da4104a093304e8de046a05b1ea54, type: 3}
      propertyPath: m_LocalPosition.x
      value: -0.9
      objectReference: {fileID: 0}
    - target: {fileID: 4210577086663916902, guid: 631da4104a093304e8de046a05b1ea54, type: 3}
      propertyPath: m_LocalPosition.y
      value: 1.69
      objectReference: {fileID: 0}
    - target: {fileID: 4210577086663916902, guid: 631da4104a093304e8de046a05b1ea54, type: 3}
      propertyPath: m_LocalPosition.z
      value: 0
      objectReference: {fileID: 0}
    - target: {fileID: 4210577086663916902, guid: 631da4104a093304e8de046a05b1ea54, type: 3}
      propertyPath: m_LocalRotation.w
      value: 1
      objectReference: {fileID: 0}
    - target: {fileID: 4210577086663916902, guid: 631da4104a093304e8de046a05b1ea54, type: 3}
      propertyPath: m_LocalRotation.x
      value: 0
      objectReference: {fileID: 0}
    - target: {fileID: 4210577086663916902, guid: 631da4104a093304e8de046a05b1ea54, type: 3}
      propertyPath: m_LocalRotation.y
      value: 0
      objectReference: {fileID: 0}
    - target: {fileID: 4210577086663916902, guid: 631da4104a093304e8de046a05b1ea54, type: 3}
      propertyPath: m_LocalRotation.z
      value: 0
      objectReference: {fileID: 0}
    - target: {fileID: 4210577086663916902, guid: 631da4104a093304e8de046a05b1ea54, type: 3}
      propertyPath: m_LocalEulerAnglesHint.x
      value: 0
      objectReference: {fileID: 0}
    - target: {fileID: 4210577086663916902, guid: 631da4104a093304e8de046a05b1ea54, type: 3}
      propertyPath: m_LocalEulerAnglesHint.y
      value: 0
      objectReference: {fileID: 0}
    - target: {fileID: 4210577086663916902, guid: 631da4104a093304e8de046a05b1ea54, type: 3}
      propertyPath: m_LocalEulerAnglesHint.z
      value: 0
      objectReference: {fileID: 0}
    - target: {fileID: 4494708785776417127, guid: 631da4104a093304e8de046a05b1ea54, type: 3}
      propertyPath: value
      value: "\u0438\u0437\u043D\u043E\u0441*0.5"
      objectReference: {fileID: 0}
    - target: {fileID: 4494708785776417127, guid: 631da4104a093304e8de046a05b1ea54, type: 3}
      propertyPath: layer.m_Bits
      value: 128
      objectReference: {fileID: 0}
    - target: {fileID: 6382816088064579074, guid: 631da4104a093304e8de046a05b1ea54, type: 3}
      propertyPath: m_AnchoredPosition.x
      value: -0.049804688
      objectReference: {fileID: 0}
    - target: {fileID: 6382816088064579074, guid: 631da4104a093304e8de046a05b1ea54, type: 3}
      propertyPath: m_AnchoredPosition.y
      value: -0.024963379
      objectReference: {fileID: 0}
    m_RemovedComponents: []
  m_SourcePrefab: {fileID: 100100000, guid: 631da4104a093304e8de046a05b1ea54, type: 3}
--- !u!4 &6372838456270062604 stripped
Transform:
  m_CorrespondingSourceObject: {fileID: 4210577086663916902, guid: 631da4104a093304e8de046a05b1ea54, type: 3}
  m_PrefabInstance: {fileID: 7070131631904618858}
  m_PrefabAsset: {fileID: 0}
--- !u!1001 &7771142003271009112
PrefabInstance:
  m_ObjectHideFlags: 0
  serializedVersion: 2
  m_Modification:
    m_TransformParent: {fileID: 7771142003302650684}
    m_Modifications:
    - target: {fileID: 4210577086663916900, guid: a7c6214e033adc94c99d522bf45881c5, type: 3}
      propertyPath: m_Name
      value: SQL Query Fragment Place
      objectReference: {fileID: 0}
    - target: {fileID: 4210577086663916902, guid: a7c6214e033adc94c99d522bf45881c5, type: 3}
      propertyPath: m_RootOrder
      value: 0
      objectReference: {fileID: 0}
    - target: {fileID: 4210577086663916902, guid: a7c6214e033adc94c99d522bf45881c5, type: 3}
      propertyPath: m_LocalPosition.x
      value: -2.6000004
      objectReference: {fileID: 0}
    - target: {fileID: 4210577086663916902, guid: a7c6214e033adc94c99d522bf45881c5, type: 3}
      propertyPath: m_LocalPosition.y
      value: 2.7799997
      objectReference: {fileID: 0}
    - target: {fileID: 4210577086663916902, guid: a7c6214e033adc94c99d522bf45881c5, type: 3}
      propertyPath: m_LocalPosition.z
      value: 0
      objectReference: {fileID: 0}
    - target: {fileID: 4210577086663916902, guid: a7c6214e033adc94c99d522bf45881c5, type: 3}
      propertyPath: m_LocalRotation.w
      value: 1
      objectReference: {fileID: 0}
    - target: {fileID: 4210577086663916902, guid: a7c6214e033adc94c99d522bf45881c5, type: 3}
      propertyPath: m_LocalRotation.x
      value: -0
      objectReference: {fileID: 0}
    - target: {fileID: 4210577086663916902, guid: a7c6214e033adc94c99d522bf45881c5, type: 3}
      propertyPath: m_LocalRotation.y
      value: -0
      objectReference: {fileID: 0}
    - target: {fileID: 4210577086663916902, guid: a7c6214e033adc94c99d522bf45881c5, type: 3}
      propertyPath: m_LocalRotation.z
      value: -0
      objectReference: {fileID: 0}
    - target: {fileID: 4210577086663916902, guid: a7c6214e033adc94c99d522bf45881c5, type: 3}
      propertyPath: m_LocalEulerAnglesHint.x
      value: 0
      objectReference: {fileID: 0}
    - target: {fileID: 4210577086663916902, guid: a7c6214e033adc94c99d522bf45881c5, type: 3}
      propertyPath: m_LocalEulerAnglesHint.y
      value: 0
      objectReference: {fileID: 0}
    - target: {fileID: 4210577086663916902, guid: a7c6214e033adc94c99d522bf45881c5, type: 3}
      propertyPath: m_LocalEulerAnglesHint.z
      value: 0
      objectReference: {fileID: 0}
    m_RemovedComponents: []
  m_SourcePrefab: {fileID: 100100000, guid: a7c6214e033adc94c99d522bf45881c5, type: 3}
--- !u!4 &5887996881259626046 stripped
Transform:
  m_CorrespondingSourceObject: {fileID: 4210577086663916902, guid: a7c6214e033adc94c99d522bf45881c5, type: 3}
  m_PrefabInstance: {fileID: 7771142003271009112}
  m_PrefabAsset: {fileID: 0}
--- !u!1001 &7771142003644932662
PrefabInstance:
  m_ObjectHideFlags: 0
  serializedVersion: 2
  m_Modification:
    m_TransformParent: {fileID: 7771142003481322145}
    m_Modifications:
    - target: {fileID: 4210577086663916900, guid: a7c6214e033adc94c99d522bf45881c5, type: 3}
      propertyPath: m_Name
      value: SQL Query Fragment Place
      objectReference: {fileID: 0}
    - target: {fileID: 4210577086663916902, guid: a7c6214e033adc94c99d522bf45881c5, type: 3}
      propertyPath: m_RootOrder
      value: 3
      objectReference: {fileID: 0}
    - target: {fileID: 4210577086663916902, guid: a7c6214e033adc94c99d522bf45881c5, type: 3}
      propertyPath: m_LocalPosition.x
      value: 2.5
      objectReference: {fileID: 0}
    - target: {fileID: 4210577086663916902, guid: a7c6214e033adc94c99d522bf45881c5, type: 3}
      propertyPath: m_LocalPosition.y
      value: 2.7799997
      objectReference: {fileID: 0}
    - target: {fileID: 4210577086663916902, guid: a7c6214e033adc94c99d522bf45881c5, type: 3}
      propertyPath: m_LocalPosition.z
      value: 0
      objectReference: {fileID: 0}
    - target: {fileID: 4210577086663916902, guid: a7c6214e033adc94c99d522bf45881c5, type: 3}
      propertyPath: m_LocalRotation.w
      value: 1
      objectReference: {fileID: 0}
    - target: {fileID: 4210577086663916902, guid: a7c6214e033adc94c99d522bf45881c5, type: 3}
      propertyPath: m_LocalRotation.x
      value: -0
      objectReference: {fileID: 0}
    - target: {fileID: 4210577086663916902, guid: a7c6214e033adc94c99d522bf45881c5, type: 3}
      propertyPath: m_LocalRotation.y
      value: -0
      objectReference: {fileID: 0}
    - target: {fileID: 4210577086663916902, guid: a7c6214e033adc94c99d522bf45881c5, type: 3}
      propertyPath: m_LocalRotation.z
      value: -0
      objectReference: {fileID: 0}
    - target: {fileID: 4210577086663916902, guid: a7c6214e033adc94c99d522bf45881c5, type: 3}
      propertyPath: m_LocalEulerAnglesHint.x
      value: 0
      objectReference: {fileID: 0}
    - target: {fileID: 4210577086663916902, guid: a7c6214e033adc94c99d522bf45881c5, type: 3}
      propertyPath: m_LocalEulerAnglesHint.y
      value: 0
      objectReference: {fileID: 0}
    - target: {fileID: 4210577086663916902, guid: a7c6214e033adc94c99d522bf45881c5, type: 3}
      propertyPath: m_LocalEulerAnglesHint.z
      value: 0
      objectReference: {fileID: 0}
    m_RemovedComponents: []
  m_SourcePrefab: {fileID: 100100000, guid: a7c6214e033adc94c99d522bf45881c5, type: 3}
--- !u!4 &5887996880895336272 stripped
Transform:
  m_CorrespondingSourceObject: {fileID: 4210577086663916902, guid: a7c6214e033adc94c99d522bf45881c5, type: 3}
  m_PrefabInstance: {fileID: 7771142003644932662}
  m_PrefabAsset: {fileID: 0}
--- !u!1001 &7771142003781842179
PrefabInstance:
  m_ObjectHideFlags: 0
  serializedVersion: 2
  m_Modification:
    m_TransformParent: {fileID: 7771142003481322145}
    m_Modifications:
    - target: {fileID: 4210577086663916900, guid: a7c6214e033adc94c99d522bf45881c5, type: 3}
      propertyPath: m_Name
      value: SQL Query Fragment Place
      objectReference: {fileID: 0}
    - target: {fileID: 4210577086663916902, guid: a7c6214e033adc94c99d522bf45881c5, type: 3}
      propertyPath: m_RootOrder
      value: 1
      objectReference: {fileID: 0}
    - target: {fileID: 4210577086663916902, guid: a7c6214e033adc94c99d522bf45881c5, type: 3}
      propertyPath: m_LocalPosition.x
      value: -0.8999996
      objectReference: {fileID: 0}
    - target: {fileID: 4210577086663916902, guid: a7c6214e033adc94c99d522bf45881c5, type: 3}
      propertyPath: m_LocalPosition.y
      value: 2.7799997
      objectReference: {fileID: 0}
    - target: {fileID: 4210577086663916902, guid: a7c6214e033adc94c99d522bf45881c5, type: 3}
      propertyPath: m_LocalPosition.z
      value: 0
      objectReference: {fileID: 0}
    - target: {fileID: 4210577086663916902, guid: a7c6214e033adc94c99d522bf45881c5, type: 3}
      propertyPath: m_LocalRotation.w
      value: 1
      objectReference: {fileID: 0}
    - target: {fileID: 4210577086663916902, guid: a7c6214e033adc94c99d522bf45881c5, type: 3}
      propertyPath: m_LocalRotation.x
      value: -0
      objectReference: {fileID: 0}
    - target: {fileID: 4210577086663916902, guid: a7c6214e033adc94c99d522bf45881c5, type: 3}
      propertyPath: m_LocalRotation.y
      value: -0
      objectReference: {fileID: 0}
    - target: {fileID: 4210577086663916902, guid: a7c6214e033adc94c99d522bf45881c5, type: 3}
      propertyPath: m_LocalRotation.z
      value: -0
      objectReference: {fileID: 0}
    - target: {fileID: 4210577086663916902, guid: a7c6214e033adc94c99d522bf45881c5, type: 3}
      propertyPath: m_LocalEulerAnglesHint.x
      value: 0
      objectReference: {fileID: 0}
    - target: {fileID: 4210577086663916902, guid: a7c6214e033adc94c99d522bf45881c5, type: 3}
      propertyPath: m_LocalEulerAnglesHint.y
      value: 0
      objectReference: {fileID: 0}
    - target: {fileID: 4210577086663916902, guid: a7c6214e033adc94c99d522bf45881c5, type: 3}
      propertyPath: m_LocalEulerAnglesHint.z
      value: 0
      objectReference: {fileID: 0}
    m_RemovedComponents: []
  m_SourcePrefab: {fileID: 100100000, guid: a7c6214e033adc94c99d522bf45881c5, type: 3}
--- !u!4 &5887996880763799653 stripped
Transform:
  m_CorrespondingSourceObject: {fileID: 4210577086663916902, guid: a7c6214e033adc94c99d522bf45881c5, type: 3}
  m_PrefabInstance: {fileID: 7771142003781842179}
  m_PrefabAsset: {fileID: 0}
--- !u!1001 &7771142004082517264
PrefabInstance:
  m_ObjectHideFlags: 0
  serializedVersion: 2
  m_Modification:
    m_TransformParent: {fileID: 7771142003302650684}
    m_Modifications:
    - target: {fileID: 4210577086663916900, guid: a7c6214e033adc94c99d522bf45881c5, type: 3}
      propertyPath: m_Name
      value: SQL Query Fragment Place
      objectReference: {fileID: 0}
    - target: {fileID: 4210577086663916902, guid: a7c6214e033adc94c99d522bf45881c5, type: 3}
      propertyPath: m_RootOrder
      value: 3
      objectReference: {fileID: 0}
    - target: {fileID: 4210577086663916902, guid: a7c6214e033adc94c99d522bf45881c5, type: 3}
      propertyPath: m_LocalPosition.x
      value: 2.5
      objectReference: {fileID: 0}
    - target: {fileID: 4210577086663916902, guid: a7c6214e033adc94c99d522bf45881c5, type: 3}
      propertyPath: m_LocalPosition.y
      value: 2.7799997
      objectReference: {fileID: 0}
    - target: {fileID: 4210577086663916902, guid: a7c6214e033adc94c99d522bf45881c5, type: 3}
      propertyPath: m_LocalPosition.z
      value: 0
      objectReference: {fileID: 0}
    - target: {fileID: 4210577086663916902, guid: a7c6214e033adc94c99d522bf45881c5, type: 3}
      propertyPath: m_LocalRotation.w
      value: 1
      objectReference: {fileID: 0}
    - target: {fileID: 4210577086663916902, guid: a7c6214e033adc94c99d522bf45881c5, type: 3}
      propertyPath: m_LocalRotation.x
      value: -0
      objectReference: {fileID: 0}
    - target: {fileID: 4210577086663916902, guid: a7c6214e033adc94c99d522bf45881c5, type: 3}
      propertyPath: m_LocalRotation.y
      value: -0
      objectReference: {fileID: 0}
    - target: {fileID: 4210577086663916902, guid: a7c6214e033adc94c99d522bf45881c5, type: 3}
      propertyPath: m_LocalRotation.z
      value: -0
      objectReference: {fileID: 0}
    - target: {fileID: 4210577086663916902, guid: a7c6214e033adc94c99d522bf45881c5, type: 3}
      propertyPath: m_LocalEulerAnglesHint.x
      value: 0
      objectReference: {fileID: 0}
    - target: {fileID: 4210577086663916902, guid: a7c6214e033adc94c99d522bf45881c5, type: 3}
      propertyPath: m_LocalEulerAnglesHint.y
      value: 0
      objectReference: {fileID: 0}
    - target: {fileID: 4210577086663916902, guid: a7c6214e033adc94c99d522bf45881c5, type: 3}
      propertyPath: m_LocalEulerAnglesHint.z
      value: 0
      objectReference: {fileID: 0}
    m_RemovedComponents: []
  m_SourcePrefab: {fileID: 100100000, guid: a7c6214e033adc94c99d522bf45881c5, type: 3}
--- !u!4 &5887996880460503158 stripped
Transform:
  m_CorrespondingSourceObject: {fileID: 4210577086663916902, guid: a7c6214e033adc94c99d522bf45881c5, type: 3}
  m_PrefabInstance: {fileID: 7771142004082517264}
  m_PrefabAsset: {fileID: 0}
--- !u!1001 &7771142004221147844
PrefabInstance:
  m_ObjectHideFlags: 0
  serializedVersion: 2
  m_Modification:
    m_TransformParent: {fileID: 7771142003505501496}
    m_Modifications:
    - target: {fileID: 4210577086663916900, guid: a7c6214e033adc94c99d522bf45881c5, type: 3}
      propertyPath: m_Name
      value: SQL Query Fragment Place
      objectReference: {fileID: 0}
    - target: {fileID: 4210577086663916902, guid: a7c6214e033adc94c99d522bf45881c5, type: 3}
      propertyPath: m_RootOrder
      value: 0
      objectReference: {fileID: 0}
    - target: {fileID: 4210577086663916902, guid: a7c6214e033adc94c99d522bf45881c5, type: 3}
      propertyPath: m_LocalPosition.x
      value: -2.6000004
      objectReference: {fileID: 0}
    - target: {fileID: 4210577086663916902, guid: a7c6214e033adc94c99d522bf45881c5, type: 3}
      propertyPath: m_LocalPosition.y
      value: 2.7799997
      objectReference: {fileID: 0}
    - target: {fileID: 4210577086663916902, guid: a7c6214e033adc94c99d522bf45881c5, type: 3}
      propertyPath: m_LocalPosition.z
      value: 0
      objectReference: {fileID: 0}
    - target: {fileID: 4210577086663916902, guid: a7c6214e033adc94c99d522bf45881c5, type: 3}
      propertyPath: m_LocalRotation.w
      value: 1
      objectReference: {fileID: 0}
    - target: {fileID: 4210577086663916902, guid: a7c6214e033adc94c99d522bf45881c5, type: 3}
      propertyPath: m_LocalRotation.x
      value: -0
      objectReference: {fileID: 0}
    - target: {fileID: 4210577086663916902, guid: a7c6214e033adc94c99d522bf45881c5, type: 3}
      propertyPath: m_LocalRotation.y
      value: -0
      objectReference: {fileID: 0}
    - target: {fileID: 4210577086663916902, guid: a7c6214e033adc94c99d522bf45881c5, type: 3}
      propertyPath: m_LocalRotation.z
      value: -0
      objectReference: {fileID: 0}
    - target: {fileID: 4210577086663916902, guid: a7c6214e033adc94c99d522bf45881c5, type: 3}
      propertyPath: m_LocalEulerAnglesHint.x
      value: 0
      objectReference: {fileID: 0}
    - target: {fileID: 4210577086663916902, guid: a7c6214e033adc94c99d522bf45881c5, type: 3}
      propertyPath: m_LocalEulerAnglesHint.y
      value: 0
      objectReference: {fileID: 0}
    - target: {fileID: 4210577086663916902, guid: a7c6214e033adc94c99d522bf45881c5, type: 3}
      propertyPath: m_LocalEulerAnglesHint.z
      value: 0
      objectReference: {fileID: 0}
    m_RemovedComponents: []
  m_SourcePrefab: {fileID: 100100000, guid: a7c6214e033adc94c99d522bf45881c5, type: 3}
--- !u!4 &5887996882478139298 stripped
Transform:
  m_CorrespondingSourceObject: {fileID: 4210577086663916902, guid: a7c6214e033adc94c99d522bf45881c5, type: 3}
  m_PrefabInstance: {fileID: 7771142004221147844}
  m_PrefabAsset: {fileID: 0}
--- !u!1001 &7771142004703109453
PrefabInstance:
  m_ObjectHideFlags: 0
  serializedVersion: 2
  m_Modification:
    m_TransformParent: {fileID: 7771142003481322145}
    m_Modifications:
    - target: {fileID: 4210577086663916900, guid: a7c6214e033adc94c99d522bf45881c5, type: 3}
      propertyPath: m_Name
      value: SQL Query Fragment Place
      objectReference: {fileID: 0}
    - target: {fileID: 4210577086663916902, guid: a7c6214e033adc94c99d522bf45881c5, type: 3}
      propertyPath: m_RootOrder
      value: 2
      objectReference: {fileID: 0}
    - target: {fileID: 4210577086663916902, guid: a7c6214e033adc94c99d522bf45881c5, type: 3}
      propertyPath: m_LocalPosition.x
      value: 0.8000002
      objectReference: {fileID: 0}
    - target: {fileID: 4210577086663916902, guid: a7c6214e033adc94c99d522bf45881c5, type: 3}
      propertyPath: m_LocalPosition.y
      value: 2.7799997
      objectReference: {fileID: 0}
    - target: {fileID: 4210577086663916902, guid: a7c6214e033adc94c99d522bf45881c5, type: 3}
      propertyPath: m_LocalPosition.z
      value: 0
      objectReference: {fileID: 0}
    - target: {fileID: 4210577086663916902, guid: a7c6214e033adc94c99d522bf45881c5, type: 3}
      propertyPath: m_LocalRotation.w
      value: 1
      objectReference: {fileID: 0}
    - target: {fileID: 4210577086663916902, guid: a7c6214e033adc94c99d522bf45881c5, type: 3}
      propertyPath: m_LocalRotation.x
      value: -0
      objectReference: {fileID: 0}
    - target: {fileID: 4210577086663916902, guid: a7c6214e033adc94c99d522bf45881c5, type: 3}
      propertyPath: m_LocalRotation.y
      value: -0
      objectReference: {fileID: 0}
    - target: {fileID: 4210577086663916902, guid: a7c6214e033adc94c99d522bf45881c5, type: 3}
      propertyPath: m_LocalRotation.z
      value: -0
      objectReference: {fileID: 0}
    - target: {fileID: 4210577086663916902, guid: a7c6214e033adc94c99d522bf45881c5, type: 3}
      propertyPath: m_LocalEulerAnglesHint.x
      value: 0
      objectReference: {fileID: 0}
    - target: {fileID: 4210577086663916902, guid: a7c6214e033adc94c99d522bf45881c5, type: 3}
      propertyPath: m_LocalEulerAnglesHint.y
      value: 0
      objectReference: {fileID: 0}
    - target: {fileID: 4210577086663916902, guid: a7c6214e033adc94c99d522bf45881c5, type: 3}
      propertyPath: m_LocalEulerAnglesHint.z
      value: 0
      objectReference: {fileID: 0}
    m_RemovedComponents: []
  m_SourcePrefab: {fileID: 100100000, guid: a7c6214e033adc94c99d522bf45881c5, type: 3}
--- !u!4 &5887996882020621355 stripped
Transform:
  m_CorrespondingSourceObject: {fileID: 4210577086663916902, guid: a7c6214e033adc94c99d522bf45881c5, type: 3}
  m_PrefabInstance: {fileID: 7771142004703109453}
  m_PrefabAsset: {fileID: 0}
--- !u!1001 &7771142004978495901
PrefabInstance:
  m_ObjectHideFlags: 0
  serializedVersion: 2
  m_Modification:
    m_TransformParent: {fileID: 7771142003302650684}
    m_Modifications:
    - target: {fileID: 4210577086663916900, guid: a7c6214e033adc94c99d522bf45881c5, type: 3}
      propertyPath: m_Name
      value: SQL Query Fragment Place
      objectReference: {fileID: 0}
    - target: {fileID: 4210577086663916902, guid: a7c6214e033adc94c99d522bf45881c5, type: 3}
      propertyPath: m_RootOrder
      value: 2
      objectReference: {fileID: 0}
    - target: {fileID: 4210577086663916902, guid: a7c6214e033adc94c99d522bf45881c5, type: 3}
      propertyPath: m_LocalPosition.x
      value: 0.8000002
      objectReference: {fileID: 0}
    - target: {fileID: 4210577086663916902, guid: a7c6214e033adc94c99d522bf45881c5, type: 3}
      propertyPath: m_LocalPosition.y
      value: 2.7799997
      objectReference: {fileID: 0}
    - target: {fileID: 4210577086663916902, guid: a7c6214e033adc94c99d522bf45881c5, type: 3}
      propertyPath: m_LocalPosition.z
      value: 0
      objectReference: {fileID: 0}
    - target: {fileID: 4210577086663916902, guid: a7c6214e033adc94c99d522bf45881c5, type: 3}
      propertyPath: m_LocalRotation.w
      value: 1
      objectReference: {fileID: 0}
    - target: {fileID: 4210577086663916902, guid: a7c6214e033adc94c99d522bf45881c5, type: 3}
      propertyPath: m_LocalRotation.x
      value: -0
      objectReference: {fileID: 0}
    - target: {fileID: 4210577086663916902, guid: a7c6214e033adc94c99d522bf45881c5, type: 3}
      propertyPath: m_LocalRotation.y
      value: -0
      objectReference: {fileID: 0}
    - target: {fileID: 4210577086663916902, guid: a7c6214e033adc94c99d522bf45881c5, type: 3}
      propertyPath: m_LocalRotation.z
      value: -0
      objectReference: {fileID: 0}
    - target: {fileID: 4210577086663916902, guid: a7c6214e033adc94c99d522bf45881c5, type: 3}
      propertyPath: m_LocalEulerAnglesHint.x
      value: 0
      objectReference: {fileID: 0}
    - target: {fileID: 4210577086663916902, guid: a7c6214e033adc94c99d522bf45881c5, type: 3}
      propertyPath: m_LocalEulerAnglesHint.y
      value: 0
      objectReference: {fileID: 0}
    - target: {fileID: 4210577086663916902, guid: a7c6214e033adc94c99d522bf45881c5, type: 3}
      propertyPath: m_LocalEulerAnglesHint.z
      value: 0
      objectReference: {fileID: 0}
    m_RemovedComponents: []
  m_SourcePrefab: {fileID: 100100000, guid: a7c6214e033adc94c99d522bf45881c5, type: 3}
--- !u!4 &5887996881759128827 stripped
Transform:
  m_CorrespondingSourceObject: {fileID: 4210577086663916902, guid: a7c6214e033adc94c99d522bf45881c5, type: 3}
  m_PrefabInstance: {fileID: 7771142004978495901}
  m_PrefabAsset: {fileID: 0}
--- !u!1001 &7771142005113428590
PrefabInstance:
  m_ObjectHideFlags: 0
  serializedVersion: 2
  m_Modification:
    m_TransformParent: {fileID: 7771142003302650684}
    m_Modifications:
    - target: {fileID: 4210577086663916900, guid: a7c6214e033adc94c99d522bf45881c5, type: 3}
      propertyPath: m_Name
      value: SQL Query Fragment Place
      objectReference: {fileID: 0}
    - target: {fileID: 4210577086663916902, guid: a7c6214e033adc94c99d522bf45881c5, type: 3}
      propertyPath: m_RootOrder
      value: 1
      objectReference: {fileID: 0}
    - target: {fileID: 4210577086663916902, guid: a7c6214e033adc94c99d522bf45881c5, type: 3}
      propertyPath: m_LocalPosition.x
      value: -0.8999996
      objectReference: {fileID: 0}
    - target: {fileID: 4210577086663916902, guid: a7c6214e033adc94c99d522bf45881c5, type: 3}
      propertyPath: m_LocalPosition.y
      value: 2.7799997
      objectReference: {fileID: 0}
    - target: {fileID: 4210577086663916902, guid: a7c6214e033adc94c99d522bf45881c5, type: 3}
      propertyPath: m_LocalPosition.z
      value: 0
      objectReference: {fileID: 0}
    - target: {fileID: 4210577086663916902, guid: a7c6214e033adc94c99d522bf45881c5, type: 3}
      propertyPath: m_LocalRotation.w
      value: 1
      objectReference: {fileID: 0}
    - target: {fileID: 4210577086663916902, guid: a7c6214e033adc94c99d522bf45881c5, type: 3}
      propertyPath: m_LocalRotation.x
      value: -0
      objectReference: {fileID: 0}
    - target: {fileID: 4210577086663916902, guid: a7c6214e033adc94c99d522bf45881c5, type: 3}
      propertyPath: m_LocalRotation.y
      value: -0
      objectReference: {fileID: 0}
    - target: {fileID: 4210577086663916902, guid: a7c6214e033adc94c99d522bf45881c5, type: 3}
      propertyPath: m_LocalRotation.z
      value: -0
      objectReference: {fileID: 0}
    - target: {fileID: 4210577086663916902, guid: a7c6214e033adc94c99d522bf45881c5, type: 3}
      propertyPath: m_LocalEulerAnglesHint.x
      value: 0
      objectReference: {fileID: 0}
    - target: {fileID: 4210577086663916902, guid: a7c6214e033adc94c99d522bf45881c5, type: 3}
      propertyPath: m_LocalEulerAnglesHint.y
      value: 0
      objectReference: {fileID: 0}
    - target: {fileID: 4210577086663916902, guid: a7c6214e033adc94c99d522bf45881c5, type: 3}
      propertyPath: m_LocalEulerAnglesHint.z
      value: 0
      objectReference: {fileID: 0}
    m_RemovedComponents: []
  m_SourcePrefab: {fileID: 100100000, guid: a7c6214e033adc94c99d522bf45881c5, type: 3}
--- !u!4 &5887996881625638664 stripped
Transform:
  m_CorrespondingSourceObject: {fileID: 4210577086663916902, guid: a7c6214e033adc94c99d522bf45881c5, type: 3}
  m_PrefabInstance: {fileID: 7771142005113428590}
  m_PrefabAsset: {fileID: 0}
--- !u!1001 &7771142005148554229
PrefabInstance:
  m_ObjectHideFlags: 0
  serializedVersion: 2
  m_Modification:
    m_TransformParent: {fileID: 7771142003505501496}
    m_Modifications:
    - target: {fileID: 4210577086663916900, guid: a7c6214e033adc94c99d522bf45881c5, type: 3}
      propertyPath: m_Name
      value: SQL Query Fragment Place
      objectReference: {fileID: 0}
    - target: {fileID: 4210577086663916902, guid: a7c6214e033adc94c99d522bf45881c5, type: 3}
      propertyPath: m_RootOrder
      value: 1
      objectReference: {fileID: 0}
    - target: {fileID: 4210577086663916902, guid: a7c6214e033adc94c99d522bf45881c5, type: 3}
      propertyPath: m_LocalPosition.x
      value: -0.8999996
      objectReference: {fileID: 0}
    - target: {fileID: 4210577086663916902, guid: a7c6214e033adc94c99d522bf45881c5, type: 3}
      propertyPath: m_LocalPosition.y
      value: 2.7799997
      objectReference: {fileID: 0}
    - target: {fileID: 4210577086663916902, guid: a7c6214e033adc94c99d522bf45881c5, type: 3}
      propertyPath: m_LocalPosition.z
      value: 0
      objectReference: {fileID: 0}
    - target: {fileID: 4210577086663916902, guid: a7c6214e033adc94c99d522bf45881c5, type: 3}
      propertyPath: m_LocalRotation.w
      value: 1
      objectReference: {fileID: 0}
    - target: {fileID: 4210577086663916902, guid: a7c6214e033adc94c99d522bf45881c5, type: 3}
      propertyPath: m_LocalRotation.x
      value: -0
      objectReference: {fileID: 0}
    - target: {fileID: 4210577086663916902, guid: a7c6214e033adc94c99d522bf45881c5, type: 3}
      propertyPath: m_LocalRotation.y
      value: -0
      objectReference: {fileID: 0}
    - target: {fileID: 4210577086663916902, guid: a7c6214e033adc94c99d522bf45881c5, type: 3}
      propertyPath: m_LocalRotation.z
      value: -0
      objectReference: {fileID: 0}
    - target: {fileID: 4210577086663916902, guid: a7c6214e033adc94c99d522bf45881c5, type: 3}
      propertyPath: m_LocalEulerAnglesHint.x
      value: 0
      objectReference: {fileID: 0}
    - target: {fileID: 4210577086663916902, guid: a7c6214e033adc94c99d522bf45881c5, type: 3}
      propertyPath: m_LocalEulerAnglesHint.y
      value: 0
      objectReference: {fileID: 0}
    - target: {fileID: 4210577086663916902, guid: a7c6214e033adc94c99d522bf45881c5, type: 3}
      propertyPath: m_LocalEulerAnglesHint.z
      value: 0
      objectReference: {fileID: 0}
    m_RemovedComponents: []
  m_SourcePrefab: {fileID: 100100000, guid: a7c6214e033adc94c99d522bf45881c5, type: 3}
--- !u!4 &5887996881593659027 stripped
Transform:
  m_CorrespondingSourceObject: {fileID: 4210577086663916902, guid: a7c6214e033adc94c99d522bf45881c5, type: 3}
  m_PrefabInstance: {fileID: 7771142005148554229}
  m_PrefabAsset: {fileID: 0}
--- !u!1001 &7771142005198886224
PrefabInstance:
  m_ObjectHideFlags: 0
  serializedVersion: 2
  m_Modification:
    m_TransformParent: {fileID: 7771142003481322145}
    m_Modifications:
    - target: {fileID: 4210577086663916900, guid: a7c6214e033adc94c99d522bf45881c5, type: 3}
      propertyPath: m_Name
      value: SQL Query Fragment Place
      objectReference: {fileID: 0}
    - target: {fileID: 4210577086663916902, guid: a7c6214e033adc94c99d522bf45881c5, type: 3}
      propertyPath: m_RootOrder
      value: 0
      objectReference: {fileID: 0}
    - target: {fileID: 4210577086663916902, guid: a7c6214e033adc94c99d522bf45881c5, type: 3}
      propertyPath: m_LocalPosition.x
      value: -2.6000004
      objectReference: {fileID: 0}
    - target: {fileID: 4210577086663916902, guid: a7c6214e033adc94c99d522bf45881c5, type: 3}
      propertyPath: m_LocalPosition.y
      value: 2.7799997
      objectReference: {fileID: 0}
    - target: {fileID: 4210577086663916902, guid: a7c6214e033adc94c99d522bf45881c5, type: 3}
      propertyPath: m_LocalPosition.z
      value: 0
      objectReference: {fileID: 0}
    - target: {fileID: 4210577086663916902, guid: a7c6214e033adc94c99d522bf45881c5, type: 3}
      propertyPath: m_LocalRotation.w
      value: 1
      objectReference: {fileID: 0}
    - target: {fileID: 4210577086663916902, guid: a7c6214e033adc94c99d522bf45881c5, type: 3}
      propertyPath: m_LocalRotation.x
      value: -0
      objectReference: {fileID: 0}
    - target: {fileID: 4210577086663916902, guid: a7c6214e033adc94c99d522bf45881c5, type: 3}
      propertyPath: m_LocalRotation.y
      value: -0
      objectReference: {fileID: 0}
    - target: {fileID: 4210577086663916902, guid: a7c6214e033adc94c99d522bf45881c5, type: 3}
      propertyPath: m_LocalRotation.z
      value: -0
      objectReference: {fileID: 0}
    - target: {fileID: 4210577086663916902, guid: a7c6214e033adc94c99d522bf45881c5, type: 3}
      propertyPath: m_LocalEulerAnglesHint.x
      value: 0
      objectReference: {fileID: 0}
    - target: {fileID: 4210577086663916902, guid: a7c6214e033adc94c99d522bf45881c5, type: 3}
      propertyPath: m_LocalEulerAnglesHint.y
      value: 0
      objectReference: {fileID: 0}
    - target: {fileID: 4210577086663916902, guid: a7c6214e033adc94c99d522bf45881c5, type: 3}
      propertyPath: m_LocalEulerAnglesHint.z
      value: 0
      objectReference: {fileID: 0}
    m_RemovedComponents: []
  m_SourcePrefab: {fileID: 100100000, guid: a7c6214e033adc94c99d522bf45881c5, type: 3}
--- !u!4 &5887996881509771318 stripped
Transform:
  m_CorrespondingSourceObject: {fileID: 4210577086663916902, guid: a7c6214e033adc94c99d522bf45881c5, type: 3}
  m_PrefabInstance: {fileID: 7771142005198886224}
  m_PrefabAsset: {fileID: 0}
--- !u!1001 &8360889867594268794
PrefabInstance:
  m_ObjectHideFlags: 0
  serializedVersion: 2
  m_Modification:
    m_TransformParent: {fileID: 5566992812283799825}
    m_Modifications:
    - target: {fileID: 2586105155488779937, guid: 631da4104a093304e8de046a05b1ea54, type: 3}
      propertyPath: m_Text
      value: SELECT
      objectReference: {fileID: 0}
    - target: {fileID: 4210577086663916900, guid: 631da4104a093304e8de046a05b1ea54, type: 3}
      propertyPath: m_Name
      value: SQL Query Fragment.11
      objectReference: {fileID: 0}
    - target: {fileID: 4210577086663916902, guid: 631da4104a093304e8de046a05b1ea54, type: 3}
      propertyPath: m_RootOrder
      value: 10
      objectReference: {fileID: 0}
    - target: {fileID: 4210577086663916902, guid: 631da4104a093304e8de046a05b1ea54, type: 3}
      propertyPath: m_LocalPosition.x
      value: 0.74
      objectReference: {fileID: 0}
    - target: {fileID: 4210577086663916902, guid: 631da4104a093304e8de046a05b1ea54, type: 3}
      propertyPath: m_LocalPosition.y
      value: 0.36
      objectReference: {fileID: 0}
    - target: {fileID: 4210577086663916902, guid: 631da4104a093304e8de046a05b1ea54, type: 3}
      propertyPath: m_LocalPosition.z
      value: 0
      objectReference: {fileID: 0}
    - target: {fileID: 4210577086663916902, guid: 631da4104a093304e8de046a05b1ea54, type: 3}
      propertyPath: m_LocalRotation.w
      value: 1
      objectReference: {fileID: 0}
    - target: {fileID: 4210577086663916902, guid: 631da4104a093304e8de046a05b1ea54, type: 3}
      propertyPath: m_LocalRotation.x
      value: 0
      objectReference: {fileID: 0}
    - target: {fileID: 4210577086663916902, guid: 631da4104a093304e8de046a05b1ea54, type: 3}
      propertyPath: m_LocalRotation.y
      value: 0
      objectReference: {fileID: 0}
    - target: {fileID: 4210577086663916902, guid: 631da4104a093304e8de046a05b1ea54, type: 3}
      propertyPath: m_LocalRotation.z
      value: 0
      objectReference: {fileID: 0}
    - target: {fileID: 4210577086663916902, guid: 631da4104a093304e8de046a05b1ea54, type: 3}
      propertyPath: m_LocalEulerAnglesHint.x
      value: 0
      objectReference: {fileID: 0}
    - target: {fileID: 4210577086663916902, guid: 631da4104a093304e8de046a05b1ea54, type: 3}
      propertyPath: m_LocalEulerAnglesHint.y
      value: 0
      objectReference: {fileID: 0}
    - target: {fileID: 4210577086663916902, guid: 631da4104a093304e8de046a05b1ea54, type: 3}
      propertyPath: m_LocalEulerAnglesHint.z
      value: 0
      objectReference: {fileID: 0}
    - target: {fileID: 4494708785776417127, guid: 631da4104a093304e8de046a05b1ea54, type: 3}
      propertyPath: value
      value: "'\u0421459\u0422'"
      objectReference: {fileID: 0}
    - target: {fileID: 4494708785776417127, guid: 631da4104a093304e8de046a05b1ea54, type: 3}
      propertyPath: layer.m_Bits
      value: 128
      objectReference: {fileID: 0}
    - target: {fileID: 6382816088064579074, guid: 631da4104a093304e8de046a05b1ea54, type: 3}
      propertyPath: m_AnchoredPosition.x
      value: -0.049804688
      objectReference: {fileID: 0}
    - target: {fileID: 6382816088064579074, guid: 631da4104a093304e8de046a05b1ea54, type: 3}
      propertyPath: m_AnchoredPosition.y
      value: -0.024963379
      objectReference: {fileID: 0}
    m_RemovedComponents: []
  m_SourcePrefab: {fileID: 100100000, guid: 631da4104a093304e8de046a05b1ea54, type: 3}
--- !u!4 &5650082960332750108 stripped
Transform:
  m_CorrespondingSourceObject: {fileID: 4210577086663916902, guid: 631da4104a093304e8de046a05b1ea54, type: 3}
  m_PrefabInstance: {fileID: 8360889867594268794}
  m_PrefabAsset: {fileID: 0}
