%YAML 1.1
%TAG !u! tag:unity3d.com,2011:
--- !u!1 &330502860256653738
GameObject:
  m_ObjectHideFlags: 0
  m_CorrespondingSourceObject: {fileID: 0}
  m_PrefabInstance: {fileID: 0}
  m_PrefabAsset: {fileID: 0}
  serializedVersion: 6
  m_Component:
  - component: {fileID: 330502860256653739}
  m_Layer: 0
  m_Name: Group Fragment Places 10
  m_TagString: Untagged
  m_Icon: {fileID: 0}
  m_NavMeshLayer: 0
  m_StaticEditorFlags: 0
  m_IsActive: 1
--- !u!4 &330502860256653739
Transform:
  m_ObjectHideFlags: 0
  m_CorrespondingSourceObject: {fileID: 0}
  m_PrefabInstance: {fileID: 0}
  m_PrefabAsset: {fileID: 0}
  m_GameObject: {fileID: 330502860256653738}
  m_LocalRotation: {x: -0, y: -0, z: -0, w: 1}
  m_LocalPosition: {x: -0.3888893, y: -0.75, z: 10}
  m_LocalScale: {x: 1, y: 1, z: 1}
  m_Children:
  - {fileID: 330502860416663953}
  - {fileID: 330502860459341320}
  m_Father: {fileID: 9076148121917077158}
  m_RootOrder: 0
  m_LocalEulerAnglesHint: {x: 0, y: 0, z: 0}
--- !u!1 &330502860416663952
GameObject:
  m_ObjectHideFlags: 0
  m_CorrespondingSourceObject: {fileID: 0}
  m_PrefabInstance: {fileID: 0}
  m_PrefabAsset: {fileID: 0}
  serializedVersion: 6
  m_Component:
  - component: {fileID: 330502860416663953}
  m_Layer: 0
  m_Name: Line.1
  m_TagString: Untagged
  m_Icon: {fileID: 0}
  m_NavMeshLayer: 0
  m_StaticEditorFlags: 0
  m_IsActive: 1
--- !u!4 &330502860416663953
Transform:
  m_ObjectHideFlags: 0
  m_CorrespondingSourceObject: {fileID: 0}
  m_PrefabInstance: {fileID: 0}
  m_PrefabAsset: {fileID: 0}
  m_GameObject: {fileID: 330502860416663952}
  m_LocalRotation: {x: 0, y: 0, z: 0, w: 1}
  m_LocalPosition: {x: 0, y: 0, z: 0}
  m_LocalScale: {x: 1, y: 1, z: 1}
  m_Children:
  - {fileID: 4537613109111902987}
  - {fileID: 4537613109359917626}
  - {fileID: 4537613108448873436}
  m_Father: {fileID: 330502860256653739}
  m_RootOrder: 0
  m_LocalEulerAnglesHint: {x: 0, y: 0, z: 0}
--- !u!1 &330502860459341323
GameObject:
  m_ObjectHideFlags: 0
  m_CorrespondingSourceObject: {fileID: 0}
  m_PrefabInstance: {fileID: 0}
  m_PrefabAsset: {fileID: 0}
  serializedVersion: 6
  m_Component:
  - component: {fileID: 330502860459341320}
  m_Layer: 0
  m_Name: Line.2
  m_TagString: Untagged
  m_Icon: {fileID: 0}
  m_NavMeshLayer: 0
  m_StaticEditorFlags: 0
  m_IsActive: 1
--- !u!4 &330502860459341320
Transform:
  m_ObjectHideFlags: 0
  m_CorrespondingSourceObject: {fileID: 0}
  m_PrefabInstance: {fileID: 0}
  m_PrefabAsset: {fileID: 0}
  m_GameObject: {fileID: 330502860459341323}
  m_LocalRotation: {x: 0, y: 0, z: 0, w: 1}
  m_LocalPosition: {x: 0, y: -0.5, z: 0}
  m_LocalScale: {x: 1, y: 1, z: 1}
  m_Children:
  - {fileID: 4537613109276032159}
  - {fileID: 4537613108544937164}
  m_Father: {fileID: 330502860256653739}
  m_RootOrder: 1
  m_LocalEulerAnglesHint: {x: 0, y: 0, z: 0}
--- !u!1 &3744831137260093213
GameObject:
  m_ObjectHideFlags: 0
  m_CorrespondingSourceObject: {fileID: 0}
  m_PrefabInstance: {fileID: 0}
  m_PrefabAsset: {fileID: 0}
  serializedVersion: 6
  m_Component:
  - component: {fileID: 3744831137260093212}
  m_Layer: 0
  m_Name: Group Fragments 10
  m_TagString: Untagged
  m_Icon: {fileID: 0}
  m_NavMeshLayer: 0
  m_StaticEditorFlags: 0
  m_IsActive: 1
--- !u!4 &3744831137260093212
Transform:
  m_ObjectHideFlags: 0
  m_CorrespondingSourceObject: {fileID: 0}
  m_PrefabInstance: {fileID: 0}
  m_PrefabAsset: {fileID: 0}
  m_GameObject: {fileID: 3744831137260093213}
  m_LocalRotation: {x: -0, y: -0, z: -0, w: 1}
  m_LocalPosition: {x: -6.08889, y: 0, z: 10}
  m_LocalScale: {x: 1, y: 1, z: 1}
  m_Children:
  - {fileID: 690926069515926337}
  - {fileID: 690926067548959087}
  - {fileID: 690926068867772414}
  - {fileID: 123526323639907659}
  - {fileID: 690926067849242320}
  - {fileID: 690926069436965083}
  - {fileID: 690926068223532492}
  - {fileID: 123526322927064358}
  m_Father: {fileID: 9076148121917077158}
  m_RootOrder: 1
  m_LocalEulerAnglesHint: {x: 0, y: 0, z: 0}
--- !u!1 &9076148121917077153
GameObject:
  m_ObjectHideFlags: 0
  m_CorrespondingSourceObject: {fileID: 0}
  m_PrefabInstance: {fileID: 0}
  m_PrefabAsset: {fileID: 0}
  serializedVersion: 6
  m_Component:
  - component: {fileID: 9076148121917077158}
  - component: {fileID: 4779168775973850728}
  m_Layer: 0
  m_Name: SQL Query.10
  m_TagString: Untagged
  m_Icon: {fileID: 0}
  m_NavMeshLayer: 0
  m_StaticEditorFlags: 0
  m_IsActive: 1
--- !u!4 &9076148121917077158
Transform:
  m_ObjectHideFlags: 0
  m_CorrespondingSourceObject: {fileID: 0}
  m_PrefabInstance: {fileID: 0}
  m_PrefabAsset: {fileID: 0}
  m_GameObject: {fileID: 9076148121917077153}
  m_LocalRotation: {x: 0, y: 0, z: 0, w: 1}
  m_LocalPosition: {x: 0, y: 0, z: 0}
  m_LocalScale: {x: 1, y: 1, z: 1}
  m_Children:
  - {fileID: 330502860256653739}
  - {fileID: 3744831137260093212}
  m_Father: {fileID: 0}
  m_RootOrder: 0
  m_LocalEulerAnglesHint: {x: 0, y: 0, z: 0}
--- !u!114 &4779168775973850728
MonoBehaviour:
  m_ObjectHideFlags: 0
  m_CorrespondingSourceObject: {fileID: 0}
  m_PrefabInstance: {fileID: 0}
  m_PrefabAsset: {fileID: 0}
  m_GameObject: {fileID: 9076148121917077153}
  m_Enabled: 1
  m_EditorHideFlags: 0
  m_Script: {fileID: 11500000, guid: 89dec3782c9b36f47b544cb72cb6947a, type: 3}
  m_Name: 
  m_EditorClassIdentifier: 
--- !u!1001 &330502859621294506
PrefabInstance:
  m_ObjectHideFlags: 0
  serializedVersion: 2
  m_Modification:
    m_TransformParent: {fileID: 330502860459341320}
    m_Modifications:
    - target: {fileID: 4210577086663916900, guid: a7c6214e033adc94c99d522bf45881c5, type: 3}
      propertyPath: m_Name
      value: SQL Query Fragment Place
      objectReference: {fileID: 0}
    - target: {fileID: 4210577086663916902, guid: a7c6214e033adc94c99d522bf45881c5, type: 3}
      propertyPath: m_RootOrder
      value: 1
      objectReference: {fileID: 0}
    - target: {fileID: 4210577086663916902, guid: a7c6214e033adc94c99d522bf45881c5, type: 3}
      propertyPath: m_LocalPosition.x
      value: -0.8999996
      objectReference: {fileID: 0}
    - target: {fileID: 4210577086663916902, guid: a7c6214e033adc94c99d522bf45881c5, type: 3}
      propertyPath: m_LocalPosition.y
      value: 2.7799997
      objectReference: {fileID: 0}
    - target: {fileID: 4210577086663916902, guid: a7c6214e033adc94c99d522bf45881c5, type: 3}
      propertyPath: m_LocalPosition.z
      value: 0
      objectReference: {fileID: 0}
    - target: {fileID: 4210577086663916902, guid: a7c6214e033adc94c99d522bf45881c5, type: 3}
      propertyPath: m_LocalRotation.w
      value: 1
      objectReference: {fileID: 0}
    - target: {fileID: 4210577086663916902, guid: a7c6214e033adc94c99d522bf45881c5, type: 3}
      propertyPath: m_LocalRotation.x
      value: -0
      objectReference: {fileID: 0}
    - target: {fileID: 4210577086663916902, guid: a7c6214e033adc94c99d522bf45881c5, type: 3}
      propertyPath: m_LocalRotation.y
      value: -0
      objectReference: {fileID: 0}
    - target: {fileID: 4210577086663916902, guid: a7c6214e033adc94c99d522bf45881c5, type: 3}
      propertyPath: m_LocalRotation.z
      value: -0
      objectReference: {fileID: 0}
    - target: {fileID: 4210577086663916902, guid: a7c6214e033adc94c99d522bf45881c5, type: 3}
      propertyPath: m_LocalEulerAnglesHint.x
      value: 0
      objectReference: {fileID: 0}
    - target: {fileID: 4210577086663916902, guid: a7c6214e033adc94c99d522bf45881c5, type: 3}
      propertyPath: m_LocalEulerAnglesHint.y
      value: 0
      objectReference: {fileID: 0}
    - target: {fileID: 4210577086663916902, guid: a7c6214e033adc94c99d522bf45881c5, type: 3}
      propertyPath: m_LocalEulerAnglesHint.z
      value: 0
      objectReference: {fileID: 0}
    m_RemovedComponents: []
  m_SourcePrefab: {fileID: 100100000, guid: a7c6214e033adc94c99d522bf45881c5, type: 3}
--- !u!4 &4537613108544937164 stripped
Transform:
  m_CorrespondingSourceObject: {fileID: 4210577086663916902, guid: a7c6214e033adc94c99d522bf45881c5, type: 3}
  m_PrefabInstance: {fileID: 330502859621294506}
  m_PrefabAsset: {fileID: 0}
--- !u!1001 &330502859726534330
PrefabInstance:
  m_ObjectHideFlags: 0
  serializedVersion: 2
  m_Modification:
    m_TransformParent: {fileID: 330502860416663953}
    m_Modifications:
    - target: {fileID: 4210577086663916900, guid: a7c6214e033adc94c99d522bf45881c5, type: 3}
      propertyPath: m_Name
      value: SQL Query Fragment Place
      objectReference: {fileID: 0}
    - target: {fileID: 4210577086663916902, guid: a7c6214e033adc94c99d522bf45881c5, type: 3}
      propertyPath: m_RootOrder
      value: 2
      objectReference: {fileID: 0}
    - target: {fileID: 4210577086663916902, guid: a7c6214e033adc94c99d522bf45881c5, type: 3}
      propertyPath: m_LocalPosition.x
      value: 0.8000002
      objectReference: {fileID: 0}
    - target: {fileID: 4210577086663916902, guid: a7c6214e033adc94c99d522bf45881c5, type: 3}
      propertyPath: m_LocalPosition.y
      value: 2.7799997
      objectReference: {fileID: 0}
    - target: {fileID: 4210577086663916902, guid: a7c6214e033adc94c99d522bf45881c5, type: 3}
      propertyPath: m_LocalPosition.z
      value: 0
      objectReference: {fileID: 0}
    - target: {fileID: 4210577086663916902, guid: a7c6214e033adc94c99d522bf45881c5, type: 3}
      propertyPath: m_LocalRotation.w
      value: 1
      objectReference: {fileID: 0}
    - target: {fileID: 4210577086663916902, guid: a7c6214e033adc94c99d522bf45881c5, type: 3}
      propertyPath: m_LocalRotation.x
      value: -0
      objectReference: {fileID: 0}
    - target: {fileID: 4210577086663916902, guid: a7c6214e033adc94c99d522bf45881c5, type: 3}
      propertyPath: m_LocalRotation.y
      value: -0
      objectReference: {fileID: 0}
    - target: {fileID: 4210577086663916902, guid: a7c6214e033adc94c99d522bf45881c5, type: 3}
      propertyPath: m_LocalRotation.z
      value: -0
      objectReference: {fileID: 0}
    - target: {fileID: 4210577086663916902, guid: a7c6214e033adc94c99d522bf45881c5, type: 3}
      propertyPath: m_LocalEulerAnglesHint.x
      value: 0
      objectReference: {fileID: 0}
    - target: {fileID: 4210577086663916902, guid: a7c6214e033adc94c99d522bf45881c5, type: 3}
      propertyPath: m_LocalEulerAnglesHint.y
      value: 0
      objectReference: {fileID: 0}
    - target: {fileID: 4210577086663916902, guid: a7c6214e033adc94c99d522bf45881c5, type: 3}
      propertyPath: m_LocalEulerAnglesHint.z
      value: 0
      objectReference: {fileID: 0}
    m_RemovedComponents: []
  m_SourcePrefab: {fileID: 100100000, guid: a7c6214e033adc94c99d522bf45881c5, type: 3}
--- !u!4 &4537613108448873436 stripped
Transform:
  m_CorrespondingSourceObject: {fileID: 4210577086663916902, guid: a7c6214e033adc94c99d522bf45881c5, type: 3}
  m_PrefabInstance: {fileID: 330502859726534330}
  m_PrefabAsset: {fileID: 0}
--- !u!1001 &330502860973131612
PrefabInstance:
  m_ObjectHideFlags: 0
  serializedVersion: 2
  m_Modification:
    m_TransformParent: {fileID: 330502860416663953}
    m_Modifications:
    - target: {fileID: 4210577086663916900, guid: a7c6214e033adc94c99d522bf45881c5, type: 3}
      propertyPath: m_Name
      value: SQL Query Fragment Place
      objectReference: {fileID: 0}
    - target: {fileID: 4210577086663916902, guid: a7c6214e033adc94c99d522bf45881c5, type: 3}
      propertyPath: m_RootOrder
      value: 1
      objectReference: {fileID: 0}
    - target: {fileID: 4210577086663916902, guid: a7c6214e033adc94c99d522bf45881c5, type: 3}
      propertyPath: m_LocalPosition.x
      value: -0.8999996
      objectReference: {fileID: 0}
    - target: {fileID: 4210577086663916902, guid: a7c6214e033adc94c99d522bf45881c5, type: 3}
      propertyPath: m_LocalPosition.y
      value: 2.7799997
      objectReference: {fileID: 0}
    - target: {fileID: 4210577086663916902, guid: a7c6214e033adc94c99d522bf45881c5, type: 3}
      propertyPath: m_LocalPosition.z
      value: 0
      objectReference: {fileID: 0}
    - target: {fileID: 4210577086663916902, guid: a7c6214e033adc94c99d522bf45881c5, type: 3}
      propertyPath: m_LocalRotation.w
      value: 1
      objectReference: {fileID: 0}
    - target: {fileID: 4210577086663916902, guid: a7c6214e033adc94c99d522bf45881c5, type: 3}
      propertyPath: m_LocalRotation.x
      value: -0
      objectReference: {fileID: 0}
    - target: {fileID: 4210577086663916902, guid: a7c6214e033adc94c99d522bf45881c5, type: 3}
      propertyPath: m_LocalRotation.y
      value: -0
      objectReference: {fileID: 0}
    - target: {fileID: 4210577086663916902, guid: a7c6214e033adc94c99d522bf45881c5, type: 3}
      propertyPath: m_LocalRotation.z
      value: -0
      objectReference: {fileID: 0}
    - target: {fileID: 4210577086663916902, guid: a7c6214e033adc94c99d522bf45881c5, type: 3}
      propertyPath: m_LocalEulerAnglesHint.x
      value: 0
      objectReference: {fileID: 0}
    - target: {fileID: 4210577086663916902, guid: a7c6214e033adc94c99d522bf45881c5, type: 3}
      propertyPath: m_LocalEulerAnglesHint.y
      value: 0
      objectReference: {fileID: 0}
    - target: {fileID: 4210577086663916902, guid: a7c6214e033adc94c99d522bf45881c5, type: 3}
      propertyPath: m_LocalEulerAnglesHint.z
      value: 0
      objectReference: {fileID: 0}
    m_RemovedComponents: []
  m_SourcePrefab: {fileID: 100100000, guid: a7c6214e033adc94c99d522bf45881c5, type: 3}
--- !u!4 &4537613109359917626 stripped
Transform:
  m_CorrespondingSourceObject: {fileID: 4210577086663916902, guid: a7c6214e033adc94c99d522bf45881c5, type: 3}
  m_PrefabInstance: {fileID: 330502860973131612}
  m_PrefabAsset: {fileID: 0}
--- !u!1001 &330502861023461881
PrefabInstance:
  m_ObjectHideFlags: 0
  serializedVersion: 2
  m_Modification:
    m_TransformParent: {fileID: 330502860459341320}
    m_Modifications:
    - target: {fileID: 4210577086663916900, guid: a7c6214e033adc94c99d522bf45881c5, type: 3}
      propertyPath: m_Name
      value: SQL Query Fragment Place
      objectReference: {fileID: 0}
    - target: {fileID: 4210577086663916902, guid: a7c6214e033adc94c99d522bf45881c5, type: 3}
      propertyPath: m_RootOrder
      value: 0
      objectReference: {fileID: 0}
    - target: {fileID: 4210577086663916902, guid: a7c6214e033adc94c99d522bf45881c5, type: 3}
      propertyPath: m_LocalPosition.x
      value: -2.6000004
      objectReference: {fileID: 0}
    - target: {fileID: 4210577086663916902, guid: a7c6214e033adc94c99d522bf45881c5, type: 3}
      propertyPath: m_LocalPosition.y
      value: 2.7799997
      objectReference: {fileID: 0}
    - target: {fileID: 4210577086663916902, guid: a7c6214e033adc94c99d522bf45881c5, type: 3}
      propertyPath: m_LocalPosition.z
      value: 0
      objectReference: {fileID: 0}
    - target: {fileID: 4210577086663916902, guid: a7c6214e033adc94c99d522bf45881c5, type: 3}
      propertyPath: m_LocalRotation.w
      value: 1
      objectReference: {fileID: 0}
    - target: {fileID: 4210577086663916902, guid: a7c6214e033adc94c99d522bf45881c5, type: 3}
      propertyPath: m_LocalRotation.x
      value: -0
      objectReference: {fileID: 0}
    - target: {fileID: 4210577086663916902, guid: a7c6214e033adc94c99d522bf45881c5, type: 3}
      propertyPath: m_LocalRotation.y
      value: -0
      objectReference: {fileID: 0}
    - target: {fileID: 4210577086663916902, guid: a7c6214e033adc94c99d522bf45881c5, type: 3}
      propertyPath: m_LocalRotation.z
      value: -0
      objectReference: {fileID: 0}
    - target: {fileID: 4210577086663916902, guid: a7c6214e033adc94c99d522bf45881c5, type: 3}
      propertyPath: m_LocalEulerAnglesHint.x
      value: 0
      objectReference: {fileID: 0}
    - target: {fileID: 4210577086663916902, guid: a7c6214e033adc94c99d522bf45881c5, type: 3}
      propertyPath: m_LocalEulerAnglesHint.y
      value: 0
      objectReference: {fileID: 0}
    - target: {fileID: 4210577086663916902, guid: a7c6214e033adc94c99d522bf45881c5, type: 3}
      propertyPath: m_LocalEulerAnglesHint.z
      value: 0
      objectReference: {fileID: 0}
    m_RemovedComponents: []
  m_SourcePrefab: {fileID: 100100000, guid: a7c6214e033adc94c99d522bf45881c5, type: 3}
--- !u!4 &4537613109276032159 stripped
Transform:
  m_CorrespondingSourceObject: {fileID: 4210577086663916902, guid: a7c6214e033adc94c99d522bf45881c5, type: 3}
  m_PrefabInstance: {fileID: 330502861023461881}
  m_PrefabAsset: {fileID: 0}
--- !u!1001 &330502861194866285
PrefabInstance:
  m_ObjectHideFlags: 0
  serializedVersion: 2
  m_Modification:
    m_TransformParent: {fileID: 330502860416663953}
    m_Modifications:
    - target: {fileID: 4210577086663916900, guid: a7c6214e033adc94c99d522bf45881c5, type: 3}
      propertyPath: m_Name
      value: SQL Query Fragment Place
      objectReference: {fileID: 0}
    - target: {fileID: 4210577086663916902, guid: a7c6214e033adc94c99d522bf45881c5, type: 3}
      propertyPath: m_RootOrder
      value: 0
      objectReference: {fileID: 0}
    - target: {fileID: 4210577086663916902, guid: a7c6214e033adc94c99d522bf45881c5, type: 3}
      propertyPath: m_LocalPosition.x
      value: -2.6000004
      objectReference: {fileID: 0}
    - target: {fileID: 4210577086663916902, guid: a7c6214e033adc94c99d522bf45881c5, type: 3}
      propertyPath: m_LocalPosition.y
      value: 2.7799997
      objectReference: {fileID: 0}
    - target: {fileID: 4210577086663916902, guid: a7c6214e033adc94c99d522bf45881c5, type: 3}
      propertyPath: m_LocalPosition.z
      value: 0
      objectReference: {fileID: 0}
    - target: {fileID: 4210577086663916902, guid: a7c6214e033adc94c99d522bf45881c5, type: 3}
      propertyPath: m_LocalRotation.w
      value: 1
      objectReference: {fileID: 0}
    - target: {fileID: 4210577086663916902, guid: a7c6214e033adc94c99d522bf45881c5, type: 3}
      propertyPath: m_LocalRotation.x
      value: -0
      objectReference: {fileID: 0}
    - target: {fileID: 4210577086663916902, guid: a7c6214e033adc94c99d522bf45881c5, type: 3}
      propertyPath: m_LocalRotation.y
      value: -0
      objectReference: {fileID: 0}
    - target: {fileID: 4210577086663916902, guid: a7c6214e033adc94c99d522bf45881c5, type: 3}
      propertyPath: m_LocalRotation.z
      value: -0
      objectReference: {fileID: 0}
    - target: {fileID: 4210577086663916902, guid: a7c6214e033adc94c99d522bf45881c5, type: 3}
      propertyPath: m_LocalEulerAnglesHint.x
      value: 0
      objectReference: {fileID: 0}
    - target: {fileID: 4210577086663916902, guid: a7c6214e033adc94c99d522bf45881c5, type: 3}
      propertyPath: m_LocalEulerAnglesHint.y
      value: 0
      objectReference: {fileID: 0}
    - target: {fileID: 4210577086663916902, guid: a7c6214e033adc94c99d522bf45881c5, type: 3}
      propertyPath: m_LocalEulerAnglesHint.z
      value: 0
      objectReference: {fileID: 0}
    m_RemovedComponents: []
  m_SourcePrefab: {fileID: 100100000, guid: a7c6214e033adc94c99d522bf45881c5, type: 3}
--- !u!4 &4537613109111902987 stripped
Transform:
  m_CorrespondingSourceObject: {fileID: 4210577086663916902, guid: a7c6214e033adc94c99d522bf45881c5, type: 3}
  m_PrefabInstance: {fileID: 330502861194866285}
  m_PrefabAsset: {fileID: 0}
--- !u!1001 &3744831137265295530
PrefabInstance:
  m_ObjectHideFlags: 0
  serializedVersion: 2
  m_Modification:
    m_TransformParent: {fileID: 3744831137260093212}
    m_Modifications:
    - target: {fileID: 2586105155488779937, guid: 631da4104a093304e8de046a05b1ea54, type: 3}
      propertyPath: m_Text
      value: SELECT
      objectReference: {fileID: 0}
    - target: {fileID: 4210577086663916900, guid: 631da4104a093304e8de046a05b1ea54, type: 3}
      propertyPath: m_Name
      value: SQL Query Fragment.6
      objectReference: {fileID: 0}
    - target: {fileID: 4210577086663916902, guid: 631da4104a093304e8de046a05b1ea54, type: 3}
      propertyPath: m_RootOrder
      value: 6
      objectReference: {fileID: 0}
    - target: {fileID: 4210577086663916902, guid: 631da4104a093304e8de046a05b1ea54, type: 3}
      propertyPath: m_LocalPosition.x
      value: -1.02
      objectReference: {fileID: 0}
    - target: {fileID: 4210577086663916902, guid: 631da4104a093304e8de046a05b1ea54, type: 3}
      propertyPath: m_LocalPosition.y
      value: 2.13
      objectReference: {fileID: 0}
    - target: {fileID: 4210577086663916902, guid: 631da4104a093304e8de046a05b1ea54, type: 3}
      propertyPath: m_LocalPosition.z
      value: 0
      objectReference: {fileID: 0}
    - target: {fileID: 4210577086663916902, guid: 631da4104a093304e8de046a05b1ea54, type: 3}
      propertyPath: m_LocalRotation.w
      value: 1
      objectReference: {fileID: 0}
    - target: {fileID: 4210577086663916902, guid: 631da4104a093304e8de046a05b1ea54, type: 3}
      propertyPath: m_LocalRotation.x
      value: 0
      objectReference: {fileID: 0}
    - target: {fileID: 4210577086663916902, guid: 631da4104a093304e8de046a05b1ea54, type: 3}
      propertyPath: m_LocalRotation.y
      value: 0
      objectReference: {fileID: 0}
    - target: {fileID: 4210577086663916902, guid: 631da4104a093304e8de046a05b1ea54, type: 3}
      propertyPath: m_LocalRotation.z
      value: 0
      objectReference: {fileID: 0}
    - target: {fileID: 4210577086663916902, guid: 631da4104a093304e8de046a05b1ea54, type: 3}
      propertyPath: m_LocalEulerAnglesHint.x
      value: 0
      objectReference: {fileID: 0}
    - target: {fileID: 4210577086663916902, guid: 631da4104a093304e8de046a05b1ea54, type: 3}
      propertyPath: m_LocalEulerAnglesHint.y
      value: 0
      objectReference: {fileID: 0}
    - target: {fileID: 4210577086663916902, guid: 631da4104a093304e8de046a05b1ea54, type: 3}
      propertyPath: m_LocalEulerAnglesHint.z
      value: 0
      objectReference: {fileID: 0}
    - target: {fileID: 4494708785776417127, guid: 631da4104a093304e8de046a05b1ea54, type: 3}
      propertyPath: value
      value: "PRODUCT(\u043A\u043E\u0434\u043A\u043B\u0438\u0435\u043D\u0442\u0430)"
      objectReference: {fileID: 0}
    - target: {fileID: 4494708785776417127, guid: 631da4104a093304e8de046a05b1ea54, type: 3}
      propertyPath: layer.m_Bits
      value: 128
      objectReference: {fileID: 0}
    - target: {fileID: 6382816088064579074, guid: 631da4104a093304e8de046a05b1ea54, type: 3}
      propertyPath: m_AnchoredPosition.x
      value: -0.049804688
      objectReference: {fileID: 0}
    - target: {fileID: 6382816088064579074, guid: 631da4104a093304e8de046a05b1ea54, type: 3}
      propertyPath: m_AnchoredPosition.y
      value: -0.024963379
      objectReference: {fileID: 0}
    m_RemovedComponents: []
  m_SourcePrefab: {fileID: 100100000, guid: 631da4104a093304e8de046a05b1ea54, type: 3}
--- !u!4 &690926068223532492 stripped
Transform:
  m_CorrespondingSourceObject: {fileID: 4210577086663916902, guid: 631da4104a093304e8de046a05b1ea54, type: 3}
  m_PrefabInstance: {fileID: 3744831137265295530}
  m_PrefabAsset: {fileID: 0}
--- !u!1001 &3744831137629232054
PrefabInstance:
  m_ObjectHideFlags: 0
  serializedVersion: 2
  m_Modification:
    m_TransformParent: {fileID: 3744831137260093212}
    m_Modifications:
    - target: {fileID: 2586105155488779937, guid: 631da4104a093304e8de046a05b1ea54, type: 3}
      propertyPath: m_Text
      value: SELECT
      objectReference: {fileID: 0}
    - target: {fileID: 4210577086663916900, guid: 631da4104a093304e8de046a05b1ea54, type: 3}
      propertyPath: m_Name
      value: SQL Query Fragment.4
      objectReference: {fileID: 0}
    - target: {fileID: 4210577086663916902, guid: 631da4104a093304e8de046a05b1ea54, type: 3}
      propertyPath: m_RootOrder
      value: 4
      objectReference: {fileID: 0}
    - target: {fileID: 4210577086663916902, guid: 631da4104a093304e8de046a05b1ea54, type: 3}
      propertyPath: m_LocalPosition.x
      value: 0.818
      objectReference: {fileID: 0}
    - target: {fileID: 4210577086663916902, guid: 631da4104a093304e8de046a05b1ea54, type: 3}
      propertyPath: m_LocalPosition.y
      value: 2.752
      objectReference: {fileID: 0}
    - target: {fileID: 4210577086663916902, guid: 631da4104a093304e8de046a05b1ea54, type: 3}
      propertyPath: m_LocalPosition.z
      value: 0
      objectReference: {fileID: 0}
    - target: {fileID: 4210577086663916902, guid: 631da4104a093304e8de046a05b1ea54, type: 3}
      propertyPath: m_LocalRotation.w
      value: 1
      objectReference: {fileID: 0}
    - target: {fileID: 4210577086663916902, guid: 631da4104a093304e8de046a05b1ea54, type: 3}
      propertyPath: m_LocalRotation.x
      value: 0
      objectReference: {fileID: 0}
    - target: {fileID: 4210577086663916902, guid: 631da4104a093304e8de046a05b1ea54, type: 3}
      propertyPath: m_LocalRotation.y
      value: 0
      objectReference: {fileID: 0}
    - target: {fileID: 4210577086663916902, guid: 631da4104a093304e8de046a05b1ea54, type: 3}
      propertyPath: m_LocalRotation.z
      value: 0
      objectReference: {fileID: 0}
    - target: {fileID: 4210577086663916902, guid: 631da4104a093304e8de046a05b1ea54, type: 3}
      propertyPath: m_LocalEulerAnglesHint.x
      value: 0
      objectReference: {fileID: 0}
    - target: {fileID: 4210577086663916902, guid: 631da4104a093304e8de046a05b1ea54, type: 3}
      propertyPath: m_LocalEulerAnglesHint.y
      value: 0
      objectReference: {fileID: 0}
    - target: {fileID: 4210577086663916902, guid: 631da4104a093304e8de046a05b1ea54, type: 3}
      propertyPath: m_LocalEulerAnglesHint.z
      value: 0
      objectReference: {fileID: 0}
    - target: {fileID: 4494708785776417127, guid: 631da4104a093304e8de046a05b1ea54, type: 3}
      propertyPath: value
      value: "\u043F\u0443\u0442\u0435\u0432\u043A\u0438"
      objectReference: {fileID: 0}
    - target: {fileID: 4494708785776417127, guid: 631da4104a093304e8de046a05b1ea54, type: 3}
      propertyPath: layer.m_Bits
      value: 128
      objectReference: {fileID: 0}
    - target: {fileID: 6382816088064579074, guid: 631da4104a093304e8de046a05b1ea54, type: 3}
      propertyPath: m_AnchoredPosition.x
      value: -0.049804688
      objectReference: {fileID: 0}
    - target: {fileID: 6382816088064579074, guid: 631da4104a093304e8de046a05b1ea54, type: 3}
      propertyPath: m_AnchoredPosition.y
      value: -0.024963379
      objectReference: {fileID: 0}
    m_RemovedComponents: []
  m_SourcePrefab: {fileID: 100100000, guid: 631da4104a093304e8de046a05b1ea54, type: 3}
--- !u!4 &690926067849242320 stripped
Transform:
  m_CorrespondingSourceObject: {fileID: 4210577086663916902, guid: 631da4104a093304e8de046a05b1ea54, type: 3}
  m_PrefabInstance: {fileID: 3744831137629232054}
  m_PrefabAsset: {fileID: 0}
--- !u!1001 &3744831137932921865
PrefabInstance:
  m_ObjectHideFlags: 0
  serializedVersion: 2
  m_Modification:
    m_TransformParent: {fileID: 3744831137260093212}
    m_Modifications:
    - target: {fileID: 2586105155488779937, guid: 631da4104a093304e8de046a05b1ea54, type: 3}
      propertyPath: m_Text
      value: SELECT
      objectReference: {fileID: 0}
    - target: {fileID: 4210577086663916900, guid: 631da4104a093304e8de046a05b1ea54, type: 3}
      propertyPath: m_Name
      value: SQL Query Fragment.2
      objectReference: {fileID: 0}
    - target: {fileID: 4210577086663916902, guid: 631da4104a093304e8de046a05b1ea54, type: 3}
      propertyPath: m_RootOrder
      value: 1
      objectReference: {fileID: 0}
    - target: {fileID: 4210577086663916902, guid: 631da4104a093304e8de046a05b1ea54, type: 3}
      propertyPath: m_LocalPosition.x
      value: -0.87
      objectReference: {fileID: 0}
    - target: {fileID: 4210577086663916902, guid: 631da4104a093304e8de046a05b1ea54, type: 3}
      propertyPath: m_LocalPosition.y
      value: 3.61
      objectReference: {fileID: 0}
    - target: {fileID: 4210577086663916902, guid: 631da4104a093304e8de046a05b1ea54, type: 3}
      propertyPath: m_LocalPosition.z
      value: 0
      objectReference: {fileID: 0}
    - target: {fileID: 4210577086663916902, guid: 631da4104a093304e8de046a05b1ea54, type: 3}
      propertyPath: m_LocalRotation.w
      value: 1
      objectReference: {fileID: 0}
    - target: {fileID: 4210577086663916902, guid: 631da4104a093304e8de046a05b1ea54, type: 3}
      propertyPath: m_LocalRotation.x
      value: 0
      objectReference: {fileID: 0}
    - target: {fileID: 4210577086663916902, guid: 631da4104a093304e8de046a05b1ea54, type: 3}
      propertyPath: m_LocalRotation.y
      value: 0
      objectReference: {fileID: 0}
    - target: {fileID: 4210577086663916902, guid: 631da4104a093304e8de046a05b1ea54, type: 3}
      propertyPath: m_LocalRotation.z
      value: 0
      objectReference: {fileID: 0}
    - target: {fileID: 4210577086663916902, guid: 631da4104a093304e8de046a05b1ea54, type: 3}
      propertyPath: m_LocalEulerAnglesHint.x
      value: 0
      objectReference: {fileID: 0}
    - target: {fileID: 4210577086663916902, guid: 631da4104a093304e8de046a05b1ea54, type: 3}
      propertyPath: m_LocalEulerAnglesHint.y
      value: 0
      objectReference: {fileID: 0}
    - target: {fileID: 4210577086663916902, guid: 631da4104a093304e8de046a05b1ea54, type: 3}
      propertyPath: m_LocalEulerAnglesHint.z
      value: 0
      objectReference: {fileID: 0}
    - target: {fileID: 4494708785776417127, guid: 631da4104a093304e8de046a05b1ea54, type: 3}
      propertyPath: value
      value: "COUNT(\u043A\u043E\u0434\u043A\u043B\u0438\u0435\u043D\u0442\u0430),"
      objectReference: {fileID: 0}
    - target: {fileID: 4494708785776417127, guid: 631da4104a093304e8de046a05b1ea54, type: 3}
      propertyPath: layer.m_Bits
      value: 128
      objectReference: {fileID: 0}
    - target: {fileID: 6382816088064579074, guid: 631da4104a093304e8de046a05b1ea54, type: 3}
      propertyPath: m_AnchoredPosition.x
      value: -0.049804688
      objectReference: {fileID: 0}
    - target: {fileID: 6382816088064579074, guid: 631da4104a093304e8de046a05b1ea54, type: 3}
      propertyPath: m_AnchoredPosition.y
      value: -0.024963379
      objectReference: {fileID: 0}
    m_RemovedComponents: []
  m_SourcePrefab: {fileID: 100100000, guid: 631da4104a093304e8de046a05b1ea54, type: 3}
--- !u!4 &690926067548959087 stripped
Transform:
  m_CorrespondingSourceObject: {fileID: 4210577086663916902, guid: 631da4104a093304e8de046a05b1ea54, type: 3}
  m_PrefabInstance: {fileID: 3744831137932921865}
  m_PrefabAsset: {fileID: 0}
--- !u!1001 &3744831138155054631
PrefabInstance:
  m_ObjectHideFlags: 0
  serializedVersion: 2
  m_Modification:
    m_TransformParent: {fileID: 3744831137260093212}
    m_Modifications:
    - target: {fileID: 2586105155488779937, guid: 631da4104a093304e8de046a05b1ea54, type: 3}
      propertyPath: m_Text
      value: SELECT
      objectReference: {fileID: 0}
    - target: {fileID: 4210577086663916900, guid: 631da4104a093304e8de046a05b1ea54, type: 3}
      propertyPath: m_Name
      value: SQL Query Fragment.1
      objectReference: {fileID: 0}
    - target: {fileID: 4210577086663916902, guid: 631da4104a093304e8de046a05b1ea54, type: 3}
      propertyPath: m_RootOrder
      value: 0
      objectReference: {fileID: 0}
    - target: {fileID: 4210577086663916902, guid: 631da4104a093304e8de046a05b1ea54, type: 3}
      propertyPath: m_LocalPosition.x
      value: 1.047
      objectReference: {fileID: 0}
    - target: {fileID: 4210577086663916902, guid: 631da4104a093304e8de046a05b1ea54, type: 3}
      propertyPath: m_LocalPosition.y
      value: 3.19
      objectReference: {fileID: 0}
    - target: {fileID: 4210577086663916902, guid: 631da4104a093304e8de046a05b1ea54, type: 3}
      propertyPath: m_LocalPosition.z
      value: 0
      objectReference: {fileID: 0}
    - target: {fileID: 4210577086663916902, guid: 631da4104a093304e8de046a05b1ea54, type: 3}
      propertyPath: m_LocalRotation.w
      value: 1
      objectReference: {fileID: 0}
    - target: {fileID: 4210577086663916902, guid: 631da4104a093304e8de046a05b1ea54, type: 3}
      propertyPath: m_LocalRotation.x
      value: 0
      objectReference: {fileID: 0}
    - target: {fileID: 4210577086663916902, guid: 631da4104a093304e8de046a05b1ea54, type: 3}
      propertyPath: m_LocalRotation.y
      value: 0
      objectReference: {fileID: 0}
    - target: {fileID: 4210577086663916902, guid: 631da4104a093304e8de046a05b1ea54, type: 3}
      propertyPath: m_LocalRotation.z
      value: 0
      objectReference: {fileID: 0}
    - target: {fileID: 4210577086663916902, guid: 631da4104a093304e8de046a05b1ea54, type: 3}
      propertyPath: m_LocalEulerAnglesHint.x
      value: 0
      objectReference: {fileID: 0}
    - target: {fileID: 4210577086663916902, guid: 631da4104a093304e8de046a05b1ea54, type: 3}
      propertyPath: m_LocalEulerAnglesHint.y
      value: 0
      objectReference: {fileID: 0}
    - target: {fileID: 4210577086663916902, guid: 631da4104a093304e8de046a05b1ea54, type: 3}
      propertyPath: m_LocalEulerAnglesHint.z
      value: 0
      objectReference: {fileID: 0}
    - target: {fileID: 4494708785776417127, guid: 631da4104a093304e8de046a05b1ea54, type: 3}
      propertyPath: value
      value: SELECT
      objectReference: {fileID: 0}
    - target: {fileID: 4494708785776417127, guid: 631da4104a093304e8de046a05b1ea54, type: 3}
      propertyPath: layer.m_Bits
      value: 128
      objectReference: {fileID: 0}
    - target: {fileID: 6382816088064579074, guid: 631da4104a093304e8de046a05b1ea54, type: 3}
      propertyPath: m_AnchoredPosition.x
      value: -0.049804688
      objectReference: {fileID: 0}
    - target: {fileID: 6382816088064579074, guid: 631da4104a093304e8de046a05b1ea54, type: 3}
      propertyPath: m_AnchoredPosition.y
      value: -0.024963379
      objectReference: {fileID: 0}
    m_RemovedComponents: []
  m_SourcePrefab: {fileID: 100100000, guid: 631da4104a093304e8de046a05b1ea54, type: 3}
--- !u!4 &690926069515926337 stripped
Transform:
  m_CorrespondingSourceObject: {fileID: 4210577086663916902, guid: 631da4104a093304e8de046a05b1ea54, type: 3}
  m_PrefabInstance: {fileID: 3744831138155054631}
  m_PrefabAsset: {fileID: 0}
--- !u!1001 &3744831138210291133
PrefabInstance:
  m_ObjectHideFlags: 0
  serializedVersion: 2
  m_Modification:
    m_TransformParent: {fileID: 3744831137260093212}
    m_Modifications:
    - target: {fileID: 2586105155488779937, guid: 631da4104a093304e8de046a05b1ea54, type: 3}
      propertyPath: m_Text
      value: SELECT
      objectReference: {fileID: 0}
    - target: {fileID: 4210577086663916900, guid: 631da4104a093304e8de046a05b1ea54, type: 3}
      propertyPath: m_Name
      value: SQL Query Fragment.5
      objectReference: {fileID: 0}
    - target: {fileID: 4210577086663916902, guid: 631da4104a093304e8de046a05b1ea54, type: 3}
      propertyPath: m_RootOrder
      value: 5
      objectReference: {fileID: 0}
    - target: {fileID: 4210577086663916902, guid: 631da4104a093304e8de046a05b1ea54, type: 3}
      propertyPath: m_LocalPosition.x
      value: -0.88
      objectReference: {fileID: 0}
    - target: {fileID: 4210577086663916902, guid: 631da4104a093304e8de046a05b1ea54, type: 3}
      propertyPath: m_LocalPosition.y
      value: 3.13
      objectReference: {fileID: 0}
    - target: {fileID: 4210577086663916902, guid: 631da4104a093304e8de046a05b1ea54, type: 3}
      propertyPath: m_LocalPosition.z
      value: 0
      objectReference: {fileID: 0}
    - target: {fileID: 4210577086663916902, guid: 631da4104a093304e8de046a05b1ea54, type: 3}
      propertyPath: m_LocalRotation.w
      value: 1
      objectReference: {fileID: 0}
    - target: {fileID: 4210577086663916902, guid: 631da4104a093304e8de046a05b1ea54, type: 3}
      propertyPath: m_LocalRotation.x
      value: 0
      objectReference: {fileID: 0}
    - target: {fileID: 4210577086663916902, guid: 631da4104a093304e8de046a05b1ea54, type: 3}
      propertyPath: m_LocalRotation.y
      value: 0
      objectReference: {fileID: 0}
    - target: {fileID: 4210577086663916902, guid: 631da4104a093304e8de046a05b1ea54, type: 3}
      propertyPath: m_LocalRotation.z
      value: 0
      objectReference: {fileID: 0}
    - target: {fileID: 4210577086663916902, guid: 631da4104a093304e8de046a05b1ea54, type: 3}
      propertyPath: m_LocalEulerAnglesHint.x
      value: 0
      objectReference: {fileID: 0}
    - target: {fileID: 4210577086663916902, guid: 631da4104a093304e8de046a05b1ea54, type: 3}
      propertyPath: m_LocalEulerAnglesHint.y
      value: 0
      objectReference: {fileID: 0}
    - target: {fileID: 4210577086663916902, guid: 631da4104a093304e8de046a05b1ea54, type: 3}
      propertyPath: m_LocalEulerAnglesHint.z
      value: 0
      objectReference: {fileID: 0}
    - target: {fileID: 4494708785776417127, guid: 631da4104a093304e8de046a05b1ea54, type: 3}
      propertyPath: value
      value: "\u0443\u0441\u043B\u0443\u0433\u0438"
      objectReference: {fileID: 0}
    - target: {fileID: 4494708785776417127, guid: 631da4104a093304e8de046a05b1ea54, type: 3}
      propertyPath: layer.m_Bits
      value: 128
      objectReference: {fileID: 0}
    - target: {fileID: 6382816088064579074, guid: 631da4104a093304e8de046a05b1ea54, type: 3}
      propertyPath: m_AnchoredPosition.x
      value: -0.049804688
      objectReference: {fileID: 0}
    - target: {fileID: 6382816088064579074, guid: 631da4104a093304e8de046a05b1ea54, type: 3}
      propertyPath: m_AnchoredPosition.y
      value: -0.024963379
      objectReference: {fileID: 0}
    m_RemovedComponents: []
  m_SourcePrefab: {fileID: 100100000, guid: 631da4104a093304e8de046a05b1ea54, type: 3}
--- !u!4 &690926069436965083 stripped
Transform:
  m_CorrespondingSourceObject: {fileID: 4210577086663916902, guid: 631da4104a093304e8de046a05b1ea54, type: 3}
  m_PrefabInstance: {fileID: 3744831138210291133}
  m_PrefabAsset: {fileID: 0}
--- !u!1001 &3744831138781975192
PrefabInstance:
  m_ObjectHideFlags: 0
  serializedVersion: 2
  m_Modification:
    m_TransformParent: {fileID: 3744831137260093212}
    m_Modifications:
    - target: {fileID: 2586105155488779937, guid: 631da4104a093304e8de046a05b1ea54, type: 3}
      propertyPath: m_Text
      value: SELECT
      objectReference: {fileID: 0}
    - target: {fileID: 4210577086663916900, guid: 631da4104a093304e8de046a05b1ea54, type: 3}
      propertyPath: m_Name
      value: SQL Query Fragment.3
      objectReference: {fileID: 0}
    - target: {fileID: 4210577086663916902, guid: 631da4104a093304e8de046a05b1ea54, type: 3}
      propertyPath: m_RootOrder
      value: 2
      objectReference: {fileID: 0}
    - target: {fileID: 4210577086663916902, guid: 631da4104a093304e8de046a05b1ea54, type: 3}
      propertyPath: m_LocalPosition.x
      value: 0.943
      objectReference: {fileID: 0}
    - target: {fileID: 4210577086663916902, guid: 631da4104a093304e8de046a05b1ea54, type: 3}
      propertyPath: m_LocalPosition.y
      value: 3.648
      objectReference: {fileID: 0}
    - target: {fileID: 4210577086663916902, guid: 631da4104a093304e8de046a05b1ea54, type: 3}
      propertyPath: m_LocalPosition.z
      value: 0
      objectReference: {fileID: 0}
    - target: {fileID: 4210577086663916902, guid: 631da4104a093304e8de046a05b1ea54, type: 3}
      propertyPath: m_LocalRotation.w
      value: 1
      objectReference: {fileID: 0}
    - target: {fileID: 4210577086663916902, guid: 631da4104a093304e8de046a05b1ea54, type: 3}
      propertyPath: m_LocalRotation.x
      value: 0
      objectReference: {fileID: 0}
    - target: {fileID: 4210577086663916902, guid: 631da4104a093304e8de046a05b1ea54, type: 3}
      propertyPath: m_LocalRotation.y
      value: 0
      objectReference: {fileID: 0}
    - target: {fileID: 4210577086663916902, guid: 631da4104a093304e8de046a05b1ea54, type: 3}
      propertyPath: m_LocalRotation.z
      value: 0
      objectReference: {fileID: 0}
    - target: {fileID: 4210577086663916902, guid: 631da4104a093304e8de046a05b1ea54, type: 3}
      propertyPath: m_LocalEulerAnglesHint.x
      value: 0
      objectReference: {fileID: 0}
    - target: {fileID: 4210577086663916902, guid: 631da4104a093304e8de046a05b1ea54, type: 3}
      propertyPath: m_LocalEulerAnglesHint.y
      value: 0
      objectReference: {fileID: 0}
    - target: {fileID: 4210577086663916902, guid: 631da4104a093304e8de046a05b1ea54, type: 3}
      propertyPath: m_LocalEulerAnglesHint.z
      value: 0
      objectReference: {fileID: 0}
    - target: {fileID: 4494708785776417127, guid: 631da4104a093304e8de046a05b1ea54, type: 3}
      propertyPath: value
      value: "SUM(\u0441\u0442\u043E\u0438\u043C\u043E\u0441\u0442\u044C\u043F\u0443\u0442\u0435\u0432\u043A\u0438)"
      objectReference: {fileID: 0}
    - target: {fileID: 4494708785776417127, guid: 631da4104a093304e8de046a05b1ea54, type: 3}
      propertyPath: layer.m_Bits
      value: 128
      objectReference: {fileID: 0}
    - target: {fileID: 6382816088064579074, guid: 631da4104a093304e8de046a05b1ea54, type: 3}
      propertyPath: m_AnchoredPosition.x
      value: -0.049804688
      objectReference: {fileID: 0}
    - target: {fileID: 6382816088064579074, guid: 631da4104a093304e8de046a05b1ea54, type: 3}
      propertyPath: m_AnchoredPosition.y
      value: -0.024963379
      objectReference: {fileID: 0}
    m_RemovedComponents: []
  m_SourcePrefab: {fileID: 100100000, guid: 631da4104a093304e8de046a05b1ea54, type: 3}
--- !u!4 &690926068867772414 stripped
Transform:
  m_CorrespondingSourceObject: {fileID: 4210577086663916902, guid: 631da4104a093304e8de046a05b1ea54, type: 3}
  m_PrefabInstance: {fileID: 3744831138781975192}
  m_PrefabAsset: {fileID: 0}
--- !u!1001 &4312235144618903597
PrefabInstance:
  m_ObjectHideFlags: 0
  serializedVersion: 2
  m_Modification:
    m_TransformParent: {fileID: 3744831137260093212}
    m_Modifications:
    - target: {fileID: 2586105155488779937, guid: 631da4104a093304e8de046a05b1ea54, type: 3}
      propertyPath: m_Text
      value: SELECT
      objectReference: {fileID: 0}
    - target: {fileID: 4210577086663916900, guid: 631da4104a093304e8de046a05b1ea54, type: 3}
      propertyPath: m_Name
      value: SQL Query Fragment.17
      objectReference: {fileID: 0}
    - target: {fileID: 4210577086663916902, guid: 631da4104a093304e8de046a05b1ea54, type: 3}
      propertyPath: m_RootOrder
      value: 3
      objectReference: {fileID: 0}
    - target: {fileID: 4210577086663916902, guid: 631da4104a093304e8de046a05b1ea54, type: 3}
      propertyPath: m_LocalPosition.x
      value: 0.93
      objectReference: {fileID: 0}
    - target: {fileID: 4210577086663916902, guid: 631da4104a093304e8de046a05b1ea54, type: 3}
      propertyPath: m_LocalPosition.y
      value: -2.6
      objectReference: {fileID: 0}
    - target: {fileID: 4210577086663916902, guid: 631da4104a093304e8de046a05b1ea54, type: 3}
      propertyPath: m_LocalPosition.z
      value: 0
      objectReference: {fileID: 0}
    - target: {fileID: 4210577086663916902, guid: 631da4104a093304e8de046a05b1ea54, type: 3}
      propertyPath: m_LocalRotation.w
      value: 1
      objectReference: {fileID: 0}
    - target: {fileID: 4210577086663916902, guid: 631da4104a093304e8de046a05b1ea54, type: 3}
      propertyPath: m_LocalRotation.x
      value: 0
      objectReference: {fileID: 0}
    - target: {fileID: 4210577086663916902, guid: 631da4104a093304e8de046a05b1ea54, type: 3}
      propertyPath: m_LocalRotation.y
      value: 0
      objectReference: {fileID: 0}
    - target: {fileID: 4210577086663916902, guid: 631da4104a093304e8de046a05b1ea54, type: 3}
      propertyPath: m_LocalRotation.z
      value: 0
      objectReference: {fileID: 0}
    - target: {fileID: 4210577086663916902, guid: 631da4104a093304e8de046a05b1ea54, type: 3}
      propertyPath: m_LocalEulerAnglesHint.x
      value: 0
      objectReference: {fileID: 0}
    - target: {fileID: 4210577086663916902, guid: 631da4104a093304e8de046a05b1ea54, type: 3}
      propertyPath: m_LocalEulerAnglesHint.y
      value: 0
      objectReference: {fileID: 0}
    - target: {fileID: 4210577086663916902, guid: 631da4104a093304e8de046a05b1ea54, type: 3}
      propertyPath: m_LocalEulerAnglesHint.z
      value: 0
      objectReference: {fileID: 0}
    - target: {fileID: 4494708785776417127, guid: 631da4104a093304e8de046a05b1ea54, type: 3}
      propertyPath: value
      value: FROM
      objectReference: {fileID: 0}
    - target: {fileID: 4494708785776417127, guid: 631da4104a093304e8de046a05b1ea54, type: 3}
      propertyPath: layer.m_Bits
      value: 128
      objectReference: {fileID: 0}
    - target: {fileID: 6382816088064579074, guid: 631da4104a093304e8de046a05b1ea54, type: 3}
      propertyPath: m_AnchoredPosition.x
      value: -0.049804688
      objectReference: {fileID: 0}
    - target: {fileID: 6382816088064579074, guid: 631da4104a093304e8de046a05b1ea54, type: 3}
      propertyPath: m_AnchoredPosition.y
      value: -0.024963379
      objectReference: {fileID: 0}
    m_RemovedComponents: []
  m_SourcePrefab: {fileID: 100100000, guid: 631da4104a093304e8de046a05b1ea54, type: 3}
--- !u!4 &123526323639907659 stripped
Transform:
  m_CorrespondingSourceObject: {fileID: 4210577086663916902, guid: 631da4104a093304e8de046a05b1ea54, type: 3}
  m_PrefabInstance: {fileID: 4312235144618903597}
  m_PrefabAsset: {fileID: 0}
--- !u!1001 &4312235145315362880
PrefabInstance:
  m_ObjectHideFlags: 0
  serializedVersion: 2
  m_Modification:
    m_TransformParent: {fileID: 3744831137260093212}
    m_Modifications:
    - target: {fileID: 2586105155488779937, guid: 631da4104a093304e8de046a05b1ea54, type: 3}
      propertyPath: m_Text
      value: SELECT
      objectReference: {fileID: 0}
    - target: {fileID: 4210577086663916900, guid: 631da4104a093304e8de046a05b1ea54, type: 3}
      propertyPath: m_Name
      value: SQL Query Fragment.18
      objectReference: {fileID: 0}
    - target: {fileID: 4210577086663916902, guid: 631da4104a093304e8de046a05b1ea54, type: 3}
      propertyPath: m_RootOrder
      value: 7
      objectReference: {fileID: 0}
    - target: {fileID: 4210577086663916902, guid: 631da4104a093304e8de046a05b1ea54, type: 3}
      propertyPath: m_LocalPosition.x
      value: 0.86
      objectReference: {fileID: 0}
    - target: {fileID: 4210577086663916902, guid: 631da4104a093304e8de046a05b1ea54, type: 3}
      propertyPath: m_LocalPosition.y
      value: 1.72
      objectReference: {fileID: 0}
    - target: {fileID: 4210577086663916902, guid: 631da4104a093304e8de046a05b1ea54, type: 3}
      propertyPath: m_LocalPosition.z
      value: 0
      objectReference: {fileID: 0}
    - target: {fileID: 4210577086663916902, guid: 631da4104a093304e8de046a05b1ea54, type: 3}
      propertyPath: m_LocalRotation.w
      value: 1
      objectReference: {fileID: 0}
    - target: {fileID: 4210577086663916902, guid: 631da4104a093304e8de046a05b1ea54, type: 3}
      propertyPath: m_LocalRotation.x
      value: 0
      objectReference: {fileID: 0}
    - target: {fileID: 4210577086663916902, guid: 631da4104a093304e8de046a05b1ea54, type: 3}
      propertyPath: m_LocalRotation.y
      value: 0
      objectReference: {fileID: 0}
    - target: {fileID: 4210577086663916902, guid: 631da4104a093304e8de046a05b1ea54, type: 3}
      propertyPath: m_LocalRotation.z
      value: 0
      objectReference: {fileID: 0}
    - target: {fileID: 4210577086663916902, guid: 631da4104a093304e8de046a05b1ea54, type: 3}
      propertyPath: m_LocalEulerAnglesHint.x
      value: 0
      objectReference: {fileID: 0}
    - target: {fileID: 4210577086663916902, guid: 631da4104a093304e8de046a05b1ea54, type: 3}
      propertyPath: m_LocalEulerAnglesHint.y
      value: 0
      objectReference: {fileID: 0}
    - target: {fileID: 4210577086663916902, guid: 631da4104a093304e8de046a05b1ea54, type: 3}
      propertyPath: m_LocalEulerAnglesHint.z
      value: 0
      objectReference: {fileID: 0}
    - target: {fileID: 4494708785776417127, guid: 631da4104a093304e8de046a05b1ea54, type: 3}
      propertyPath: value
      value: VALUES
      objectReference: {fileID: 0}
    - target: {fileID: 4494708785776417127, guid: 631da4104a093304e8de046a05b1ea54, type: 3}
      propertyPath: layer.m_Bits
      value: 128
      objectReference: {fileID: 0}
    - target: {fileID: 6382816088064579074, guid: 631da4104a093304e8de046a05b1ea54, type: 3}
      propertyPath: m_AnchoredPosition.x
      value: -0.049804688
      objectReference: {fileID: 0}
    - target: {fileID: 6382816088064579074, guid: 631da4104a093304e8de046a05b1ea54, type: 3}
      propertyPath: m_AnchoredPosition.y
      value: -0.024963379
      objectReference: {fileID: 0}
    m_RemovedComponents: []
  m_SourcePrefab: {fileID: 100100000, guid: 631da4104a093304e8de046a05b1ea54, type: 3}
--- !u!4 &123526322927064358 stripped
Transform:
  m_CorrespondingSourceObject: {fileID: 4210577086663916902, guid: 631da4104a093304e8de046a05b1ea54, type: 3}
  m_PrefabInstance: {fileID: 4312235145315362880}
  m_PrefabAsset: {fileID: 0}
