%YAML 1.1
%TAG !u! tag:unity3d.com,2011:
--- !u!1 &3973423929270937282
GameObject:
  m_ObjectHideFlags: 0
  m_CorrespondingSourceObject: {fileID: 0}
  m_PrefabInstance: {fileID: 0}
  m_PrefabAsset: {fileID: 0}
  serializedVersion: 6
  m_Component:
  - component: {fileID: 3973423929270937281}
  - component: {fileID: 7562875984586499494}
  m_Layer: 0
  m_Name: SQL Query.7
  m_TagString: Untagged
  m_Icon: {fileID: 0}
  m_NavMeshLayer: 0
  m_StaticEditorFlags: 0
  m_IsActive: 1
--- !u!4 &3973423929270937281
Transform:
  m_ObjectHideFlags: 0
  m_CorrespondingSourceObject: {fileID: 0}
  m_PrefabInstance: {fileID: 0}
  m_PrefabAsset: {fileID: 0}
  m_GameObject: {fileID: 3973423929270937282}
  m_LocalRotation: {x: 0, y: 0, z: 0, w: 1}
  m_LocalPosition: {x: 0, y: 0, z: 0}
  m_LocalScale: {x: 1, y: 1, z: 1}
  m_Children:
  - {fileID: 5854759027260072785}
  - {fileID: 8169167791084466189}
  m_Father: {fileID: 0}
  m_RootOrder: 0
  m_LocalEulerAnglesHint: {x: 0, y: 0, z: 0}
--- !u!114 &7562875984586499494
MonoBehaviour:
  m_ObjectHideFlags: 0
  m_CorrespondingSourceObject: {fileID: 0}
  m_PrefabInstance: {fileID: 0}
  m_PrefabAsset: {fileID: 0}
  m_GameObject: {fileID: 3973423929270937282}
  m_Enabled: 1
  m_EditorHideFlags: 0
  m_Script: {fileID: 11500000, guid: 89dec3782c9b36f47b544cb72cb6947a, type: 3}
  m_Name: 
  m_EditorClassIdentifier: 
--- !u!1 &5140597470943017618
GameObject:
  m_ObjectHideFlags: 0
  m_CorrespondingSourceObject: {fileID: 0}
  m_PrefabInstance: {fileID: 0}
  m_PrefabAsset: {fileID: 0}
  serializedVersion: 6
  m_Component:
  - component: {fileID: 5140597470943017621}
  m_Layer: 0
  m_Name: Line.3
  m_TagString: Untagged
  m_Icon: {fileID: 0}
  m_NavMeshLayer: 0
  m_StaticEditorFlags: 0
  m_IsActive: 1
--- !u!4 &5140597470943017621
Transform:
  m_ObjectHideFlags: 0
  m_CorrespondingSourceObject: {fileID: 0}
  m_PrefabInstance: {fileID: 0}
  m_PrefabAsset: {fileID: 0}
  m_GameObject: {fileID: 5140597470943017618}
  m_LocalRotation: {x: 0, y: 0, z: 0, w: 1}
  m_LocalPosition: {x: 0, y: -1, z: 0}
  m_LocalScale: {x: 1, y: 1, z: 1}
  m_Children:
  - {fileID: 9023502422074044980}
  - {fileID: 9023502421908985358}
  - {fileID: 9023502420758710147}
  m_Father: {fileID: 5854759027260072785}
  m_RootOrder: 2
  m_LocalEulerAnglesHint: {x: 0, y: 0, z: 0}
--- !u!1 &5854759027260072784
GameObject:
  m_ObjectHideFlags: 0
  m_CorrespondingSourceObject: {fileID: 0}
  m_PrefabInstance: {fileID: 0}
  m_PrefabAsset: {fileID: 0}
  serializedVersion: 6
  m_Component:
  - component: {fileID: 5854759027260072785}
  m_Layer: 0
  m_Name: Group Fragment Places 7
  m_TagString: Untagged
  m_Icon: {fileID: 0}
  m_NavMeshLayer: 0
  m_StaticEditorFlags: 0
  m_IsActive: 1
--- !u!4 &5854759027260072785
Transform:
  m_ObjectHideFlags: 0
  m_CorrespondingSourceObject: {fileID: 0}
  m_PrefabInstance: {fileID: 0}
  m_PrefabAsset: {fileID: 0}
  m_GameObject: {fileID: 5854759027260072784}
  m_LocalRotation: {x: -0, y: -0, z: -0, w: 1}
  m_LocalPosition: {x: -0.3888893, y: -0.75, z: 10}
  m_LocalScale: {x: 1, y: 1, z: 1}
  m_Children:
  - {fileID: 5854759027638195051}
  - {fileID: 5854759027596977394}
  - {fileID: 5140597470943017621}
  m_Father: {fileID: 3973423929270937281}
  m_RootOrder: 0
  m_LocalEulerAnglesHint: {x: 0, y: 0, z: 0}
--- !u!1 &5854759027596977393
GameObject:
  m_ObjectHideFlags: 0
  m_CorrespondingSourceObject: {fileID: 0}
  m_PrefabInstance: {fileID: 0}
  m_PrefabAsset: {fileID: 0}
  serializedVersion: 6
  m_Component:
  - component: {fileID: 5854759027596977394}
  m_Layer: 0
  m_Name: Line.2
  m_TagString: Untagged
  m_Icon: {fileID: 0}
  m_NavMeshLayer: 0
  m_StaticEditorFlags: 0
  m_IsActive: 1
--- !u!4 &5854759027596977394
Transform:
  m_ObjectHideFlags: 0
  m_CorrespondingSourceObject: {fileID: 0}
  m_PrefabInstance: {fileID: 0}
  m_PrefabAsset: {fileID: 0}
  m_GameObject: {fileID: 5854759027596977393}
  m_LocalRotation: {x: 0, y: 0, z: 0, w: 1}
  m_LocalPosition: {x: 0, y: -0.5, z: 0}
  m_LocalScale: {x: 1, y: 1, z: 1}
  m_Children:
  - {fileID: 7723305976099352165}
  - {fileID: 7723305977381522998}
  - {fileID: 7723305976190769784}
  - {fileID: 3286180791048653363}
  m_Father: {fileID: 5854759027260072785}
  m_RootOrder: 1
  m_LocalEulerAnglesHint: {x: 0, y: 0, z: 0}
--- !u!1 &5854759027638195050
GameObject:
  m_ObjectHideFlags: 0
  m_CorrespondingSourceObject: {fileID: 0}
  m_PrefabInstance: {fileID: 0}
  m_PrefabAsset: {fileID: 0}
  serializedVersion: 6
  m_Component:
  - component: {fileID: 5854759027638195051}
  m_Layer: 0
  m_Name: Line.1
  m_TagString: Untagged
  m_Icon: {fileID: 0}
  m_NavMeshLayer: 0
  m_StaticEditorFlags: 0
  m_IsActive: 1
--- !u!4 &5854759027638195051
Transform:
  m_ObjectHideFlags: 0
  m_CorrespondingSourceObject: {fileID: 0}
  m_PrefabInstance: {fileID: 0}
  m_PrefabAsset: {fileID: 0}
  m_GameObject: {fileID: 5854759027638195050}
  m_LocalRotation: {x: 0, y: 0, z: 0, w: 1}
  m_LocalPosition: {x: 0, y: 0, z: 0}
  m_LocalScale: {x: 1, y: 1, z: 1}
  m_Children:
  - {fileID: 7723305976807637489}
  - {fileID: 7723305976015464640}
  - {fileID: 3286180791645915326}
  m_Father: {fileID: 5854759027260072785}
  m_RootOrder: 0
  m_LocalEulerAnglesHint: {x: 0, y: 0, z: 0}
--- !u!1 &8169167791084466188
GameObject:
  m_ObjectHideFlags: 0
  m_CorrespondingSourceObject: {fileID: 0}
  m_PrefabInstance: {fileID: 0}
  m_PrefabAsset: {fileID: 0}
  serializedVersion: 6
  m_Component:
  - component: {fileID: 8169167791084466189}
  m_Layer: 0
  m_Name: Group Fragments 7
  m_TagString: Untagged
  m_Icon: {fileID: 0}
  m_NavMeshLayer: 0
  m_StaticEditorFlags: 0
  m_IsActive: 1
--- !u!4 &8169167791084466189
Transform:
  m_ObjectHideFlags: 0
  m_CorrespondingSourceObject: {fileID: 0}
  m_PrefabInstance: {fileID: 0}
  m_PrefabAsset: {fileID: 0}
  m_GameObject: {fileID: 8169167791084466188}
  m_LocalRotation: {x: -0, y: -0, z: -0, w: 1}
  m_LocalPosition: {x: -6.08889, y: 0, z: 10}
  m_LocalScale: {x: 1, y: 1, z: 1}
  m_Children:
  - {fileID: 5417917623341872208}
  - {fileID: 5417917625399475838}
  - {fileID: 5417917624102740207}
  - {fileID: 5417917624961296833}
  - {fileID: 5417917623529353162}
  - {fileID: 5417917623555984238}
  - {fileID: 5417917624935366019}
  - {fileID: 6641840150746100873}
  - {fileID: 6641840149809174074}
  - {fileID: 6641840151357583180}
  - {fileID: 6641840150825141345}
  - {fileID: 6641840150196682708}
  - {fileID: 9023502420331003198}
  m_Father: {fileID: 3973423929270937281}
  m_RootOrder: 1
  m_LocalEulerAnglesHint: {x: 0, y: 0, z: 0}
--- !u!1001 &1726045829680772949
PrefabInstance:
  m_ObjectHideFlags: 0
  serializedVersion: 2
  m_Modification:
    m_TransformParent: {fileID: 5854759027596977394}
    m_Modifications:
    - target: {fileID: 4210577086663916900, guid: a7c6214e033adc94c99d522bf45881c5, type: 3}
      propertyPath: m_Name
      value: SQL Query Fragment Place
      objectReference: {fileID: 0}
    - target: {fileID: 4210577086663916902, guid: a7c6214e033adc94c99d522bf45881c5, type: 3}
      propertyPath: m_RootOrder
      value: 3
      objectReference: {fileID: 0}
    - target: {fileID: 4210577086663916902, guid: a7c6214e033adc94c99d522bf45881c5, type: 3}
      propertyPath: m_LocalPosition.x
      value: 2.5
      objectReference: {fileID: 0}
    - target: {fileID: 4210577086663916902, guid: a7c6214e033adc94c99d522bf45881c5, type: 3}
      propertyPath: m_LocalPosition.y
      value: 2.7799997
      objectReference: {fileID: 0}
    - target: {fileID: 4210577086663916902, guid: a7c6214e033adc94c99d522bf45881c5, type: 3}
      propertyPath: m_LocalPosition.z
      value: 0
      objectReference: {fileID: 0}
    - target: {fileID: 4210577086663916902, guid: a7c6214e033adc94c99d522bf45881c5, type: 3}
      propertyPath: m_LocalRotation.w
      value: 1
      objectReference: {fileID: 0}
    - target: {fileID: 4210577086663916902, guid: a7c6214e033adc94c99d522bf45881c5, type: 3}
      propertyPath: m_LocalRotation.x
      value: -0
      objectReference: {fileID: 0}
    - target: {fileID: 4210577086663916902, guid: a7c6214e033adc94c99d522bf45881c5, type: 3}
      propertyPath: m_LocalRotation.y
      value: -0
      objectReference: {fileID: 0}
    - target: {fileID: 4210577086663916902, guid: a7c6214e033adc94c99d522bf45881c5, type: 3}
      propertyPath: m_LocalRotation.z
      value: -0
      objectReference: {fileID: 0}
    - target: {fileID: 4210577086663916902, guid: a7c6214e033adc94c99d522bf45881c5, type: 3}
      propertyPath: m_LocalEulerAnglesHint.x
      value: 0
      objectReference: {fileID: 0}
    - target: {fileID: 4210577086663916902, guid: a7c6214e033adc94c99d522bf45881c5, type: 3}
      propertyPath: m_LocalEulerAnglesHint.y
      value: 0
      objectReference: {fileID: 0}
    - target: {fileID: 4210577086663916902, guid: a7c6214e033adc94c99d522bf45881c5, type: 3}
      propertyPath: m_LocalEulerAnglesHint.z
      value: 0
      objectReference: {fileID: 0}
    m_RemovedComponents: []
  m_SourcePrefab: {fileID: 100100000, guid: a7c6214e033adc94c99d522bf45881c5, type: 3}
--- !u!4 &3286180791048653363 stripped
Transform:
  m_CorrespondingSourceObject: {fileID: 4210577086663916902, guid: a7c6214e033adc94c99d522bf45881c5, type: 3}
  m_PrefabInstance: {fileID: 1726045829680772949}
  m_PrefabAsset: {fileID: 0}
--- !u!1001 &1726045831284667864
PrefabInstance:
  m_ObjectHideFlags: 0
  serializedVersion: 2
  m_Modification:
    m_TransformParent: {fileID: 5854759027638195051}
    m_Modifications:
    - target: {fileID: 4210577086663916900, guid: a7c6214e033adc94c99d522bf45881c5, type: 3}
      propertyPath: m_Name
      value: SQL Query Fragment Place
      objectReference: {fileID: 0}
    - target: {fileID: 4210577086663916902, guid: a7c6214e033adc94c99d522bf45881c5, type: 3}
      propertyPath: m_RootOrder
      value: 2
      objectReference: {fileID: 0}
    - target: {fileID: 4210577086663916902, guid: a7c6214e033adc94c99d522bf45881c5, type: 3}
      propertyPath: m_LocalPosition.x
      value: 0.8000002
      objectReference: {fileID: 0}
    - target: {fileID: 4210577086663916902, guid: a7c6214e033adc94c99d522bf45881c5, type: 3}
      propertyPath: m_LocalPosition.y
      value: 2.7799997
      objectReference: {fileID: 0}
    - target: {fileID: 4210577086663916902, guid: a7c6214e033adc94c99d522bf45881c5, type: 3}
      propertyPath: m_LocalPosition.z
      value: 0
      objectReference: {fileID: 0}
    - target: {fileID: 4210577086663916902, guid: a7c6214e033adc94c99d522bf45881c5, type: 3}
      propertyPath: m_LocalRotation.w
      value: 1
      objectReference: {fileID: 0}
    - target: {fileID: 4210577086663916902, guid: a7c6214e033adc94c99d522bf45881c5, type: 3}
      propertyPath: m_LocalRotation.x
      value: -0
      objectReference: {fileID: 0}
    - target: {fileID: 4210577086663916902, guid: a7c6214e033adc94c99d522bf45881c5, type: 3}
      propertyPath: m_LocalRotation.y
      value: -0
      objectReference: {fileID: 0}
    - target: {fileID: 4210577086663916902, guid: a7c6214e033adc94c99d522bf45881c5, type: 3}
      propertyPath: m_LocalRotation.z
      value: -0
      objectReference: {fileID: 0}
    - target: {fileID: 4210577086663916902, guid: a7c6214e033adc94c99d522bf45881c5, type: 3}
      propertyPath: m_LocalEulerAnglesHint.x
      value: 0
      objectReference: {fileID: 0}
    - target: {fileID: 4210577086663916902, guid: a7c6214e033adc94c99d522bf45881c5, type: 3}
      propertyPath: m_LocalEulerAnglesHint.y
      value: 0
      objectReference: {fileID: 0}
    - target: {fileID: 4210577086663916902, guid: a7c6214e033adc94c99d522bf45881c5, type: 3}
      propertyPath: m_LocalEulerAnglesHint.z
      value: 0
      objectReference: {fileID: 0}
    m_RemovedComponents: []
  m_SourcePrefab: {fileID: 100100000, guid: a7c6214e033adc94c99d522bf45881c5, type: 3}
--- !u!4 &3286180791645915326 stripped
Transform:
  m_CorrespondingSourceObject: {fileID: 4210577086663916902, guid: a7c6214e033adc94c99d522bf45881c5, type: 3}
  m_PrefabInstance: {fileID: 1726045831284667864}
  m_PrefabAsset: {fileID: 0}
--- !u!1001 &5140597469607049957
PrefabInstance:
  m_ObjectHideFlags: 0
  serializedVersion: 2
  m_Modification:
    m_TransformParent: {fileID: 5140597470943017621}
    m_Modifications:
    - target: {fileID: 4210577086663916900, guid: a7c6214e033adc94c99d522bf45881c5, type: 3}
      propertyPath: m_Name
      value: SQL Query Fragment Place
      objectReference: {fileID: 0}
    - target: {fileID: 4210577086663916902, guid: a7c6214e033adc94c99d522bf45881c5, type: 3}
      propertyPath: m_RootOrder
      value: 2
      objectReference: {fileID: 0}
    - target: {fileID: 4210577086663916902, guid: a7c6214e033adc94c99d522bf45881c5, type: 3}
      propertyPath: m_LocalPosition.x
      value: 0.8000002
      objectReference: {fileID: 0}
    - target: {fileID: 4210577086663916902, guid: a7c6214e033adc94c99d522bf45881c5, type: 3}
      propertyPath: m_LocalPosition.y
      value: 2.7799997
      objectReference: {fileID: 0}
    - target: {fileID: 4210577086663916902, guid: a7c6214e033adc94c99d522bf45881c5, type: 3}
      propertyPath: m_LocalPosition.z
      value: 0
      objectReference: {fileID: 0}
    - target: {fileID: 4210577086663916902, guid: a7c6214e033adc94c99d522bf45881c5, type: 3}
      propertyPath: m_LocalRotation.w
      value: 1
      objectReference: {fileID: 0}
    - target: {fileID: 4210577086663916902, guid: a7c6214e033adc94c99d522bf45881c5, type: 3}
      propertyPath: m_LocalRotation.x
      value: -0
      objectReference: {fileID: 0}
    - target: {fileID: 4210577086663916902, guid: a7c6214e033adc94c99d522bf45881c5, type: 3}
      propertyPath: m_LocalRotation.y
      value: -0
      objectReference: {fileID: 0}
    - target: {fileID: 4210577086663916902, guid: a7c6214e033adc94c99d522bf45881c5, type: 3}
      propertyPath: m_LocalRotation.z
      value: -0
      objectReference: {fileID: 0}
    - target: {fileID: 4210577086663916902, guid: a7c6214e033adc94c99d522bf45881c5, type: 3}
      propertyPath: m_LocalEulerAnglesHint.x
      value: 0
      objectReference: {fileID: 0}
    - target: {fileID: 4210577086663916902, guid: a7c6214e033adc94c99d522bf45881c5, type: 3}
      propertyPath: m_LocalEulerAnglesHint.y
      value: 0
      objectReference: {fileID: 0}
    - target: {fileID: 4210577086663916902, guid: a7c6214e033adc94c99d522bf45881c5, type: 3}
      propertyPath: m_LocalEulerAnglesHint.z
      value: 0
      objectReference: {fileID: 0}
    m_RemovedComponents: []
  m_SourcePrefab: {fileID: 100100000, guid: a7c6214e033adc94c99d522bf45881c5, type: 3}
--- !u!4 &9023502420758710147 stripped
Transform:
  m_CorrespondingSourceObject: {fileID: 4210577086663916902, guid: a7c6214e033adc94c99d522bf45881c5, type: 3}
  m_PrefabInstance: {fileID: 5140597469607049957}
  m_PrefabAsset: {fileID: 0}
--- !u!1001 &5140597470051729496
PrefabInstance:
  m_ObjectHideFlags: 0
  serializedVersion: 2
  m_Modification:
    m_TransformParent: {fileID: 8169167791084466189}
    m_Modifications:
    - target: {fileID: 2586105155488779937, guid: 631da4104a093304e8de046a05b1ea54, type: 3}
      propertyPath: m_Text
      value: SELECT
      objectReference: {fileID: 0}
    - target: {fileID: 4210577086663916900, guid: 631da4104a093304e8de046a05b1ea54, type: 3}
      propertyPath: m_Name
      value: SQL Query Fragment.14
      objectReference: {fileID: 0}
    - target: {fileID: 4210577086663916902, guid: 631da4104a093304e8de046a05b1ea54, type: 3}
      propertyPath: m_RootOrder
      value: 12
      objectReference: {fileID: 0}
    - target: {fileID: 4210577086663916902, guid: 631da4104a093304e8de046a05b1ea54, type: 3}
      propertyPath: m_LocalPosition.x
      value: 0.46
      objectReference: {fileID: 0}
    - target: {fileID: 4210577086663916902, guid: 631da4104a093304e8de046a05b1ea54, type: 3}
      propertyPath: m_LocalPosition.y
      value: 1.32
      objectReference: {fileID: 0}
    - target: {fileID: 4210577086663916902, guid: 631da4104a093304e8de046a05b1ea54, type: 3}
      propertyPath: m_LocalPosition.z
      value: 0
      objectReference: {fileID: 0}
    - target: {fileID: 4210577086663916902, guid: 631da4104a093304e8de046a05b1ea54, type: 3}
      propertyPath: m_LocalRotation.w
      value: 1
      objectReference: {fileID: 0}
    - target: {fileID: 4210577086663916902, guid: 631da4104a093304e8de046a05b1ea54, type: 3}
      propertyPath: m_LocalRotation.x
      value: 0
      objectReference: {fileID: 0}
    - target: {fileID: 4210577086663916902, guid: 631da4104a093304e8de046a05b1ea54, type: 3}
      propertyPath: m_LocalRotation.y
      value: 0
      objectReference: {fileID: 0}
    - target: {fileID: 4210577086663916902, guid: 631da4104a093304e8de046a05b1ea54, type: 3}
      propertyPath: m_LocalRotation.z
      value: 0
      objectReference: {fileID: 0}
    - target: {fileID: 4210577086663916902, guid: 631da4104a093304e8de046a05b1ea54, type: 3}
      propertyPath: m_LocalEulerAnglesHint.x
      value: 0
      objectReference: {fileID: 0}
    - target: {fileID: 4210577086663916902, guid: 631da4104a093304e8de046a05b1ea54, type: 3}
      propertyPath: m_LocalEulerAnglesHint.y
      value: 0
      objectReference: {fileID: 0}
    - target: {fileID: 4210577086663916902, guid: 631da4104a093304e8de046a05b1ea54, type: 3}
      propertyPath: m_LocalEulerAnglesHint.z
      value: 0
      objectReference: {fileID: 0}
    - target: {fileID: 4494708785776417127, guid: 631da4104a093304e8de046a05b1ea54, type: 3}
      propertyPath: value
      value: "'\u0421\u0428\u0410'"
      objectReference: {fileID: 0}
    - target: {fileID: 4494708785776417127, guid: 631da4104a093304e8de046a05b1ea54, type: 3}
      propertyPath: layer.m_Bits
      value: 128
      objectReference: {fileID: 0}
    - target: {fileID: 6382816088064579074, guid: 631da4104a093304e8de046a05b1ea54, type: 3}
      propertyPath: m_AnchoredPosition.x
      value: -0.049804688
      objectReference: {fileID: 0}
    - target: {fileID: 6382816088064579074, guid: 631da4104a093304e8de046a05b1ea54, type: 3}
      propertyPath: m_AnchoredPosition.y
      value: -0.024963379
      objectReference: {fileID: 0}
    m_RemovedComponents: []
  m_SourcePrefab: {fileID: 100100000, guid: 631da4104a093304e8de046a05b1ea54, type: 3}
--- !u!4 &9023502420331003198 stripped
Transform:
  m_CorrespondingSourceObject: {fileID: 4210577086663916902, guid: 631da4104a093304e8de046a05b1ea54, type: 3}
  m_PrefabInstance: {fileID: 5140597470051729496}
  m_PrefabAsset: {fileID: 0}
--- !u!1001 &5140597470452633426
PrefabInstance:
  m_ObjectHideFlags: 0
  serializedVersion: 2
  m_Modification:
    m_TransformParent: {fileID: 5140597470943017621}
    m_Modifications:
    - target: {fileID: 4210577086663916900, guid: a7c6214e033adc94c99d522bf45881c5, type: 3}
      propertyPath: m_Name
      value: SQL Query Fragment Place
      objectReference: {fileID: 0}
    - target: {fileID: 4210577086663916902, guid: a7c6214e033adc94c99d522bf45881c5, type: 3}
      propertyPath: m_RootOrder
      value: 0
      objectReference: {fileID: 0}
    - target: {fileID: 4210577086663916902, guid: a7c6214e033adc94c99d522bf45881c5, type: 3}
      propertyPath: m_LocalPosition.x
      value: -2.6000004
      objectReference: {fileID: 0}
    - target: {fileID: 4210577086663916902, guid: a7c6214e033adc94c99d522bf45881c5, type: 3}
      propertyPath: m_LocalPosition.y
      value: 2.7799997
      objectReference: {fileID: 0}
    - target: {fileID: 4210577086663916902, guid: a7c6214e033adc94c99d522bf45881c5, type: 3}
      propertyPath: m_LocalPosition.z
      value: 0
      objectReference: {fileID: 0}
    - target: {fileID: 4210577086663916902, guid: a7c6214e033adc94c99d522bf45881c5, type: 3}
      propertyPath: m_LocalRotation.w
      value: 1
      objectReference: {fileID: 0}
    - target: {fileID: 4210577086663916902, guid: a7c6214e033adc94c99d522bf45881c5, type: 3}
      propertyPath: m_LocalRotation.x
      value: -0
      objectReference: {fileID: 0}
    - target: {fileID: 4210577086663916902, guid: a7c6214e033adc94c99d522bf45881c5, type: 3}
      propertyPath: m_LocalRotation.y
      value: -0
      objectReference: {fileID: 0}
    - target: {fileID: 4210577086663916902, guid: a7c6214e033adc94c99d522bf45881c5, type: 3}
      propertyPath: m_LocalRotation.z
      value: -0
      objectReference: {fileID: 0}
    - target: {fileID: 4210577086663916902, guid: a7c6214e033adc94c99d522bf45881c5, type: 3}
      propertyPath: m_LocalEulerAnglesHint.x
      value: 0
      objectReference: {fileID: 0}
    - target: {fileID: 4210577086663916902, guid: a7c6214e033adc94c99d522bf45881c5, type: 3}
      propertyPath: m_LocalEulerAnglesHint.y
      value: 0
      objectReference: {fileID: 0}
    - target: {fileID: 4210577086663916902, guid: a7c6214e033adc94c99d522bf45881c5, type: 3}
      propertyPath: m_LocalEulerAnglesHint.z
      value: 0
      objectReference: {fileID: 0}
    m_RemovedComponents: []
  m_SourcePrefab: {fileID: 100100000, guid: a7c6214e033adc94c99d522bf45881c5, type: 3}
--- !u!4 &9023502422074044980 stripped
Transform:
  m_CorrespondingSourceObject: {fileID: 4210577086663916902, guid: a7c6214e033adc94c99d522bf45881c5, type: 3}
  m_PrefabInstance: {fileID: 5140597470452633426}
  m_PrefabAsset: {fileID: 0}
--- !u!1001 &5140597470623132520
PrefabInstance:
  m_ObjectHideFlags: 0
  serializedVersion: 2
  m_Modification:
    m_TransformParent: {fileID: 5140597470943017621}
    m_Modifications:
    - target: {fileID: 4210577086663916900, guid: a7c6214e033adc94c99d522bf45881c5, type: 3}
      propertyPath: m_Name
      value: SQL Query Fragment Place
      objectReference: {fileID: 0}
    - target: {fileID: 4210577086663916902, guid: a7c6214e033adc94c99d522bf45881c5, type: 3}
      propertyPath: m_RootOrder
      value: 1
      objectReference: {fileID: 0}
    - target: {fileID: 4210577086663916902, guid: a7c6214e033adc94c99d522bf45881c5, type: 3}
      propertyPath: m_LocalPosition.x
      value: -0.8999996
      objectReference: {fileID: 0}
    - target: {fileID: 4210577086663916902, guid: a7c6214e033adc94c99d522bf45881c5, type: 3}
      propertyPath: m_LocalPosition.y
      value: 2.7799997
      objectReference: {fileID: 0}
    - target: {fileID: 4210577086663916902, guid: a7c6214e033adc94c99d522bf45881c5, type: 3}
      propertyPath: m_LocalPosition.z
      value: 0
      objectReference: {fileID: 0}
    - target: {fileID: 4210577086663916902, guid: a7c6214e033adc94c99d522bf45881c5, type: 3}
      propertyPath: m_LocalRotation.w
      value: 1
      objectReference: {fileID: 0}
    - target: {fileID: 4210577086663916902, guid: a7c6214e033adc94c99d522bf45881c5, type: 3}
      propertyPath: m_LocalRotation.x
      value: -0
      objectReference: {fileID: 0}
    - target: {fileID: 4210577086663916902, guid: a7c6214e033adc94c99d522bf45881c5, type: 3}
      propertyPath: m_LocalRotation.y
      value: -0
      objectReference: {fileID: 0}
    - target: {fileID: 4210577086663916902, guid: a7c6214e033adc94c99d522bf45881c5, type: 3}
      propertyPath: m_LocalRotation.z
      value: -0
      objectReference: {fileID: 0}
    - target: {fileID: 4210577086663916902, guid: a7c6214e033adc94c99d522bf45881c5, type: 3}
      propertyPath: m_LocalEulerAnglesHint.x
      value: 0
      objectReference: {fileID: 0}
    - target: {fileID: 4210577086663916902, guid: a7c6214e033adc94c99d522bf45881c5, type: 3}
      propertyPath: m_LocalEulerAnglesHint.y
      value: 0
      objectReference: {fileID: 0}
    - target: {fileID: 4210577086663916902, guid: a7c6214e033adc94c99d522bf45881c5, type: 3}
      propertyPath: m_LocalEulerAnglesHint.z
      value: 0
      objectReference: {fileID: 0}
    m_RemovedComponents: []
  m_SourcePrefab: {fileID: 100100000, guid: a7c6214e033adc94c99d522bf45881c5, type: 3}
--- !u!4 &9023502421908985358 stripped
Transform:
  m_CorrespondingSourceObject: {fileID: 4210577086663916902, guid: a7c6214e033adc94c99d522bf45881c5, type: 3}
  m_PrefabInstance: {fileID: 5140597470623132520}
  m_PrefabAsset: {fileID: 0}
--- !u!1001 &5854759026319244439
PrefabInstance:
  m_ObjectHideFlags: 0
  serializedVersion: 2
  m_Modification:
    m_TransformParent: {fileID: 5854759027638195051}
    m_Modifications:
    - target: {fileID: 4210577086663916900, guid: a7c6214e033adc94c99d522bf45881c5, type: 3}
      propertyPath: m_Name
      value: SQL Query Fragment Place
      objectReference: {fileID: 0}
    - target: {fileID: 4210577086663916902, guid: a7c6214e033adc94c99d522bf45881c5, type: 3}
      propertyPath: m_RootOrder
      value: 0
      objectReference: {fileID: 0}
    - target: {fileID: 4210577086663916902, guid: a7c6214e033adc94c99d522bf45881c5, type: 3}
      propertyPath: m_LocalPosition.x
      value: -2.6000004
      objectReference: {fileID: 0}
    - target: {fileID: 4210577086663916902, guid: a7c6214e033adc94c99d522bf45881c5, type: 3}
      propertyPath: m_LocalPosition.y
      value: 2.7799997
      objectReference: {fileID: 0}
    - target: {fileID: 4210577086663916902, guid: a7c6214e033adc94c99d522bf45881c5, type: 3}
      propertyPath: m_LocalPosition.z
      value: 0
      objectReference: {fileID: 0}
    - target: {fileID: 4210577086663916902, guid: a7c6214e033adc94c99d522bf45881c5, type: 3}
      propertyPath: m_LocalRotation.w
      value: 1
      objectReference: {fileID: 0}
    - target: {fileID: 4210577086663916902, guid: a7c6214e033adc94c99d522bf45881c5, type: 3}
      propertyPath: m_LocalRotation.x
      value: -0
      objectReference: {fileID: 0}
    - target: {fileID: 4210577086663916902, guid: a7c6214e033adc94c99d522bf45881c5, type: 3}
      propertyPath: m_LocalRotation.y
      value: -0
      objectReference: {fileID: 0}
    - target: {fileID: 4210577086663916902, guid: a7c6214e033adc94c99d522bf45881c5, type: 3}
      propertyPath: m_LocalRotation.z
      value: -0
      objectReference: {fileID: 0}
    - target: {fileID: 4210577086663916902, guid: a7c6214e033adc94c99d522bf45881c5, type: 3}
      propertyPath: m_LocalEulerAnglesHint.x
      value: 0
      objectReference: {fileID: 0}
    - target: {fileID: 4210577086663916902, guid: a7c6214e033adc94c99d522bf45881c5, type: 3}
      propertyPath: m_LocalEulerAnglesHint.y
      value: 0
      objectReference: {fileID: 0}
    - target: {fileID: 4210577086663916902, guid: a7c6214e033adc94c99d522bf45881c5, type: 3}
      propertyPath: m_LocalEulerAnglesHint.z
      value: 0
      objectReference: {fileID: 0}
    m_RemovedComponents: []
  m_SourcePrefab: {fileID: 100100000, guid: a7c6214e033adc94c99d522bf45881c5, type: 3}
--- !u!4 &7723305976807637489 stripped
Transform:
  m_CorrespondingSourceObject: {fileID: 4210577086663916902, guid: a7c6214e033adc94c99d522bf45881c5, type: 3}
  m_PrefabInstance: {fileID: 5854759026319244439}
  m_PrefabAsset: {fileID: 0}
--- !u!1001 &5854759026910357278
PrefabInstance:
  m_ObjectHideFlags: 0
  serializedVersion: 2
  m_Modification:
    m_TransformParent: {fileID: 5854759027596977394}
    m_Modifications:
    - target: {fileID: 4210577086663916900, guid: a7c6214e033adc94c99d522bf45881c5, type: 3}
      propertyPath: m_Name
      value: SQL Query Fragment Place
      objectReference: {fileID: 0}
    - target: {fileID: 4210577086663916902, guid: a7c6214e033adc94c99d522bf45881c5, type: 3}
      propertyPath: m_RootOrder
      value: 2
      objectReference: {fileID: 0}
    - target: {fileID: 4210577086663916902, guid: a7c6214e033adc94c99d522bf45881c5, type: 3}
      propertyPath: m_LocalPosition.x
      value: 0.8000002
      objectReference: {fileID: 0}
    - target: {fileID: 4210577086663916902, guid: a7c6214e033adc94c99d522bf45881c5, type: 3}
      propertyPath: m_LocalPosition.y
      value: 2.7799997
      objectReference: {fileID: 0}
    - target: {fileID: 4210577086663916902, guid: a7c6214e033adc94c99d522bf45881c5, type: 3}
      propertyPath: m_LocalPosition.z
      value: 0
      objectReference: {fileID: 0}
    - target: {fileID: 4210577086663916902, guid: a7c6214e033adc94c99d522bf45881c5, type: 3}
      propertyPath: m_LocalRotation.w
      value: 1
      objectReference: {fileID: 0}
    - target: {fileID: 4210577086663916902, guid: a7c6214e033adc94c99d522bf45881c5, type: 3}
      propertyPath: m_LocalRotation.x
      value: -0
      objectReference: {fileID: 0}
    - target: {fileID: 4210577086663916902, guid: a7c6214e033adc94c99d522bf45881c5, type: 3}
      propertyPath: m_LocalRotation.y
      value: -0
      objectReference: {fileID: 0}
    - target: {fileID: 4210577086663916902, guid: a7c6214e033adc94c99d522bf45881c5, type: 3}
      propertyPath: m_LocalRotation.z
      value: -0
      objectReference: {fileID: 0}
    - target: {fileID: 4210577086663916902, guid: a7c6214e033adc94c99d522bf45881c5, type: 3}
      propertyPath: m_LocalEulerAnglesHint.x
      value: 0
      objectReference: {fileID: 0}
    - target: {fileID: 4210577086663916902, guid: a7c6214e033adc94c99d522bf45881c5, type: 3}
      propertyPath: m_LocalEulerAnglesHint.y
      value: 0
      objectReference: {fileID: 0}
    - target: {fileID: 4210577086663916902, guid: a7c6214e033adc94c99d522bf45881c5, type: 3}
      propertyPath: m_LocalEulerAnglesHint.z
      value: 0
      objectReference: {fileID: 0}
    m_RemovedComponents: []
  m_SourcePrefab: {fileID: 100100000, guid: a7c6214e033adc94c99d522bf45881c5, type: 3}
--- !u!4 &7723305976190769784 stripped
Transform:
  m_CorrespondingSourceObject: {fileID: 4210577086663916902, guid: a7c6214e033adc94c99d522bf45881c5, type: 3}
  m_PrefabInstance: {fileID: 5854759026910357278}
  m_PrefabAsset: {fileID: 0}
--- !u!1001 &5854759027020256003
PrefabInstance:
  m_ObjectHideFlags: 0
  serializedVersion: 2
  m_Modification:
    m_TransformParent: {fileID: 5854759027596977394}
    m_Modifications:
    - target: {fileID: 4210577086663916900, guid: a7c6214e033adc94c99d522bf45881c5, type: 3}
      propertyPath: m_Name
      value: SQL Query Fragment Place
      objectReference: {fileID: 0}
    - target: {fileID: 4210577086663916902, guid: a7c6214e033adc94c99d522bf45881c5, type: 3}
      propertyPath: m_RootOrder
      value: 0
      objectReference: {fileID: 0}
    - target: {fileID: 4210577086663916902, guid: a7c6214e033adc94c99d522bf45881c5, type: 3}
      propertyPath: m_LocalPosition.x
      value: -2.6000004
      objectReference: {fileID: 0}
    - target: {fileID: 4210577086663916902, guid: a7c6214e033adc94c99d522bf45881c5, type: 3}
      propertyPath: m_LocalPosition.y
      value: 2.7799997
      objectReference: {fileID: 0}
    - target: {fileID: 4210577086663916902, guid: a7c6214e033adc94c99d522bf45881c5, type: 3}
      propertyPath: m_LocalPosition.z
      value: 0
      objectReference: {fileID: 0}
    - target: {fileID: 4210577086663916902, guid: a7c6214e033adc94c99d522bf45881c5, type: 3}
      propertyPath: m_LocalRotation.w
      value: 1
      objectReference: {fileID: 0}
    - target: {fileID: 4210577086663916902, guid: a7c6214e033adc94c99d522bf45881c5, type: 3}
      propertyPath: m_LocalRotation.x
      value: -0
      objectReference: {fileID: 0}
    - target: {fileID: 4210577086663916902, guid: a7c6214e033adc94c99d522bf45881c5, type: 3}
      propertyPath: m_LocalRotation.y
      value: -0
      objectReference: {fileID: 0}
    - target: {fileID: 4210577086663916902, guid: a7c6214e033adc94c99d522bf45881c5, type: 3}
      propertyPath: m_LocalRotation.z
      value: -0
      objectReference: {fileID: 0}
    - target: {fileID: 4210577086663916902, guid: a7c6214e033adc94c99d522bf45881c5, type: 3}
      propertyPath: m_LocalEulerAnglesHint.x
      value: 0
      objectReference: {fileID: 0}
    - target: {fileID: 4210577086663916902, guid: a7c6214e033adc94c99d522bf45881c5, type: 3}
      propertyPath: m_LocalEulerAnglesHint.y
      value: 0
      objectReference: {fileID: 0}
    - target: {fileID: 4210577086663916902, guid: a7c6214e033adc94c99d522bf45881c5, type: 3}
      propertyPath: m_LocalEulerAnglesHint.z
      value: 0
      objectReference: {fileID: 0}
    m_RemovedComponents: []
  m_SourcePrefab: {fileID: 100100000, guid: a7c6214e033adc94c99d522bf45881c5, type: 3}
--- !u!4 &7723305976099352165 stripped
Transform:
  m_CorrespondingSourceObject: {fileID: 4210577086663916902, guid: a7c6214e033adc94c99d522bf45881c5, type: 3}
  m_PrefabInstance: {fileID: 5854759027020256003}
  m_PrefabAsset: {fileID: 0}
--- !u!1001 &5854759027070588326
PrefabInstance:
  m_ObjectHideFlags: 0
  serializedVersion: 2
  m_Modification:
    m_TransformParent: {fileID: 5854759027638195051}
    m_Modifications:
    - target: {fileID: 4210577086663916900, guid: a7c6214e033adc94c99d522bf45881c5, type: 3}
      propertyPath: m_Name
      value: SQL Query Fragment Place
      objectReference: {fileID: 0}
    - target: {fileID: 4210577086663916902, guid: a7c6214e033adc94c99d522bf45881c5, type: 3}
      propertyPath: m_RootOrder
      value: 1
      objectReference: {fileID: 0}
    - target: {fileID: 4210577086663916902, guid: a7c6214e033adc94c99d522bf45881c5, type: 3}
      propertyPath: m_LocalPosition.x
      value: -0.8999996
      objectReference: {fileID: 0}
    - target: {fileID: 4210577086663916902, guid: a7c6214e033adc94c99d522bf45881c5, type: 3}
      propertyPath: m_LocalPosition.y
      value: 2.7799997
      objectReference: {fileID: 0}
    - target: {fileID: 4210577086663916902, guid: a7c6214e033adc94c99d522bf45881c5, type: 3}
      propertyPath: m_LocalPosition.z
      value: 0
      objectReference: {fileID: 0}
    - target: {fileID: 4210577086663916902, guid: a7c6214e033adc94c99d522bf45881c5, type: 3}
      propertyPath: m_LocalRotation.w
      value: 1
      objectReference: {fileID: 0}
    - target: {fileID: 4210577086663916902, guid: a7c6214e033adc94c99d522bf45881c5, type: 3}
      propertyPath: m_LocalRotation.x
      value: -0
      objectReference: {fileID: 0}
    - target: {fileID: 4210577086663916902, guid: a7c6214e033adc94c99d522bf45881c5, type: 3}
      propertyPath: m_LocalRotation.y
      value: -0
      objectReference: {fileID: 0}
    - target: {fileID: 4210577086663916902, guid: a7c6214e033adc94c99d522bf45881c5, type: 3}
      propertyPath: m_LocalRotation.z
      value: -0
      objectReference: {fileID: 0}
    - target: {fileID: 4210577086663916902, guid: a7c6214e033adc94c99d522bf45881c5, type: 3}
      propertyPath: m_LocalEulerAnglesHint.x
      value: 0
      objectReference: {fileID: 0}
    - target: {fileID: 4210577086663916902, guid: a7c6214e033adc94c99d522bf45881c5, type: 3}
      propertyPath: m_LocalEulerAnglesHint.y
      value: 0
      objectReference: {fileID: 0}
    - target: {fileID: 4210577086663916902, guid: a7c6214e033adc94c99d522bf45881c5, type: 3}
      propertyPath: m_LocalEulerAnglesHint.z
      value: 0
      objectReference: {fileID: 0}
    m_RemovedComponents: []
  m_SourcePrefab: {fileID: 100100000, guid: a7c6214e033adc94c99d522bf45881c5, type: 3}
--- !u!4 &7723305976015464640 stripped
Transform:
  m_CorrespondingSourceObject: {fileID: 4210577086663916902, guid: a7c6214e033adc94c99d522bf45881c5, type: 3}
  m_PrefabInstance: {fileID: 5854759027070588326}
  m_PrefabAsset: {fileID: 0}
--- !u!1001 &5854759027899790160
PrefabInstance:
  m_ObjectHideFlags: 0
  serializedVersion: 2
  m_Modification:
    m_TransformParent: {fileID: 5854759027596977394}
    m_Modifications:
    - target: {fileID: 4210577086663916900, guid: a7c6214e033adc94c99d522bf45881c5, type: 3}
      propertyPath: m_Name
      value: SQL Query Fragment Place
      objectReference: {fileID: 0}
    - target: {fileID: 4210577086663916902, guid: a7c6214e033adc94c99d522bf45881c5, type: 3}
      propertyPath: m_RootOrder
      value: 1
      objectReference: {fileID: 0}
    - target: {fileID: 4210577086663916902, guid: a7c6214e033adc94c99d522bf45881c5, type: 3}
      propertyPath: m_LocalPosition.x
      value: -0.8999996
      objectReference: {fileID: 0}
    - target: {fileID: 4210577086663916902, guid: a7c6214e033adc94c99d522bf45881c5, type: 3}
      propertyPath: m_LocalPosition.y
      value: 2.7799997
      objectReference: {fileID: 0}
    - target: {fileID: 4210577086663916902, guid: a7c6214e033adc94c99d522bf45881c5, type: 3}
      propertyPath: m_LocalPosition.z
      value: 0
      objectReference: {fileID: 0}
    - target: {fileID: 4210577086663916902, guid: a7c6214e033adc94c99d522bf45881c5, type: 3}
      propertyPath: m_LocalRotation.w
      value: 1
      objectReference: {fileID: 0}
    - target: {fileID: 4210577086663916902, guid: a7c6214e033adc94c99d522bf45881c5, type: 3}
      propertyPath: m_LocalRotation.x
      value: -0
      objectReference: {fileID: 0}
    - target: {fileID: 4210577086663916902, guid: a7c6214e033adc94c99d522bf45881c5, type: 3}
      propertyPath: m_LocalRotation.y
      value: -0
      objectReference: {fileID: 0}
    - target: {fileID: 4210577086663916902, guid: a7c6214e033adc94c99d522bf45881c5, type: 3}
      propertyPath: m_LocalRotation.z
      value: -0
      objectReference: {fileID: 0}
    - target: {fileID: 4210577086663916902, guid: a7c6214e033adc94c99d522bf45881c5, type: 3}
      propertyPath: m_LocalEulerAnglesHint.x
      value: 0
      objectReference: {fileID: 0}
    - target: {fileID: 4210577086663916902, guid: a7c6214e033adc94c99d522bf45881c5, type: 3}
      propertyPath: m_LocalEulerAnglesHint.y
      value: 0
      objectReference: {fileID: 0}
    - target: {fileID: 4210577086663916902, guid: a7c6214e033adc94c99d522bf45881c5, type: 3}
      propertyPath: m_LocalEulerAnglesHint.z
      value: 0
      objectReference: {fileID: 0}
    m_RemovedComponents: []
  m_SourcePrefab: {fileID: 100100000, guid: a7c6214e033adc94c99d522bf45881c5, type: 3}
--- !u!4 &7723305977381522998 stripped
Transform:
  m_CorrespondingSourceObject: {fileID: 4210577086663916902, guid: a7c6214e033adc94c99d522bf45881c5, type: 3}
  m_PrefabInstance: {fileID: 5854759027899790160}
  m_PrefabAsset: {fileID: 0}
--- !u!1001 &7368583744445612722
PrefabInstance:
  m_ObjectHideFlags: 0
  serializedVersion: 2
  m_Modification:
    m_TransformParent: {fileID: 8169167791084466189}
    m_Modifications:
    - target: {fileID: 2586105155488779937, guid: 631da4104a093304e8de046a05b1ea54, type: 3}
      propertyPath: m_Text
      value: SELECT
      objectReference: {fileID: 0}
    - target: {fileID: 4210577086663916900, guid: 631da4104a093304e8de046a05b1ea54, type: 3}
      propertyPath: m_Name
      value: SQL Query Fragment.13
      objectReference: {fileID: 0}
    - target: {fileID: 4210577086663916902, guid: 631da4104a093304e8de046a05b1ea54, type: 3}
      propertyPath: m_RootOrder
      value: 11
      objectReference: {fileID: 0}
    - target: {fileID: 4210577086663916902, guid: 631da4104a093304e8de046a05b1ea54, type: 3}
      propertyPath: m_LocalPosition.x
      value: 0.29
      objectReference: {fileID: 0}
    - target: {fileID: 4210577086663916902, guid: 631da4104a093304e8de046a05b1ea54, type: 3}
      propertyPath: m_LocalPosition.y
      value: 0.26
      objectReference: {fileID: 0}
    - target: {fileID: 4210577086663916902, guid: 631da4104a093304e8de046a05b1ea54, type: 3}
      propertyPath: m_LocalPosition.z
      value: 0
      objectReference: {fileID: 0}
    - target: {fileID: 4210577086663916902, guid: 631da4104a093304e8de046a05b1ea54, type: 3}
      propertyPath: m_LocalRotation.w
      value: 1
      objectReference: {fileID: 0}
    - target: {fileID: 4210577086663916902, guid: 631da4104a093304e8de046a05b1ea54, type: 3}
      propertyPath: m_LocalRotation.x
      value: 0
      objectReference: {fileID: 0}
    - target: {fileID: 4210577086663916902, guid: 631da4104a093304e8de046a05b1ea54, type: 3}
      propertyPath: m_LocalRotation.y
      value: 0
      objectReference: {fileID: 0}
    - target: {fileID: 4210577086663916902, guid: 631da4104a093304e8de046a05b1ea54, type: 3}
      propertyPath: m_LocalRotation.z
      value: 0
      objectReference: {fileID: 0}
    - target: {fileID: 4210577086663916902, guid: 631da4104a093304e8de046a05b1ea54, type: 3}
      propertyPath: m_LocalEulerAnglesHint.x
      value: 0
      objectReference: {fileID: 0}
    - target: {fileID: 4210577086663916902, guid: 631da4104a093304e8de046a05b1ea54, type: 3}
      propertyPath: m_LocalEulerAnglesHint.y
      value: 0
      objectReference: {fileID: 0}
    - target: {fileID: 4210577086663916902, guid: 631da4104a093304e8de046a05b1ea54, type: 3}
      propertyPath: m_LocalEulerAnglesHint.z
      value: 0
      objectReference: {fileID: 0}
    - target: {fileID: 4494708785776417127, guid: 631da4104a093304e8de046a05b1ea54, type: 3}
      propertyPath: value
      value: "'\u0443\u043B. \u0417\u0432\u0435\u0437\u0434\u043D\u0430\u044F, 13'"
      objectReference: {fileID: 0}
    - target: {fileID: 4494708785776417127, guid: 631da4104a093304e8de046a05b1ea54, type: 3}
      propertyPath: layer.m_Bits
      value: 128
      objectReference: {fileID: 0}
    - target: {fileID: 6382816088064579074, guid: 631da4104a093304e8de046a05b1ea54, type: 3}
      propertyPath: m_AnchoredPosition.x
      value: -0.049804688
      objectReference: {fileID: 0}
    - target: {fileID: 6382816088064579074, guid: 631da4104a093304e8de046a05b1ea54, type: 3}
      propertyPath: m_AnchoredPosition.y
      value: -0.024963379
      objectReference: {fileID: 0}
    m_RemovedComponents: []
  m_SourcePrefab: {fileID: 100100000, guid: 631da4104a093304e8de046a05b1ea54, type: 3}
--- !u!4 &6641840150196682708 stripped
Transform:
  m_CorrespondingSourceObject: {fileID: 4210577086663916902, guid: 631da4104a093304e8de046a05b1ea54, type: 3}
  m_PrefabInstance: {fileID: 7368583744445612722}
  m_PrefabAsset: {fileID: 0}
--- !u!1001 &7368583744796355420
PrefabInstance:
  m_ObjectHideFlags: 0
  serializedVersion: 2
  m_Modification:
    m_TransformParent: {fileID: 8169167791084466189}
    m_Modifications:
    - target: {fileID: 2586105155488779937, guid: 631da4104a093304e8de046a05b1ea54, type: 3}
      propertyPath: m_Text
      value: SELECT
      objectReference: {fileID: 0}
    - target: {fileID: 4210577086663916900, guid: 631da4104a093304e8de046a05b1ea54, type: 3}
      propertyPath: m_Name
      value: SQL Query Fragment.10
      objectReference: {fileID: 0}
    - target: {fileID: 4210577086663916902, guid: 631da4104a093304e8de046a05b1ea54, type: 3}
      propertyPath: m_RootOrder
      value: 8
      objectReference: {fileID: 0}
    - target: {fileID: 4210577086663916902, guid: 631da4104a093304e8de046a05b1ea54, type: 3}
      propertyPath: m_LocalPosition.x
      value: 0.616
      objectReference: {fileID: 0}
    - target: {fileID: 4210577086663916902, guid: 631da4104a093304e8de046a05b1ea54, type: 3}
      propertyPath: m_LocalPosition.y
      value: -1.019
      objectReference: {fileID: 0}
    - target: {fileID: 4210577086663916902, guid: 631da4104a093304e8de046a05b1ea54, type: 3}
      propertyPath: m_LocalPosition.z
      value: 0
      objectReference: {fileID: 0}
    - target: {fileID: 4210577086663916902, guid: 631da4104a093304e8de046a05b1ea54, type: 3}
      propertyPath: m_LocalRotation.w
      value: 1
      objectReference: {fileID: 0}
    - target: {fileID: 4210577086663916902, guid: 631da4104a093304e8de046a05b1ea54, type: 3}
      propertyPath: m_LocalRotation.x
      value: 0
      objectReference: {fileID: 0}
    - target: {fileID: 4210577086663916902, guid: 631da4104a093304e8de046a05b1ea54, type: 3}
      propertyPath: m_LocalRotation.y
      value: 0
      objectReference: {fileID: 0}
    - target: {fileID: 4210577086663916902, guid: 631da4104a093304e8de046a05b1ea54, type: 3}
      propertyPath: m_LocalRotation.z
      value: 0
      objectReference: {fileID: 0}
    - target: {fileID: 4210577086663916902, guid: 631da4104a093304e8de046a05b1ea54, type: 3}
      propertyPath: m_LocalEulerAnglesHint.x
      value: 0
      objectReference: {fileID: 0}
    - target: {fileID: 4210577086663916902, guid: 631da4104a093304e8de046a05b1ea54, type: 3}
      propertyPath: m_LocalEulerAnglesHint.y
      value: 0
      objectReference: {fileID: 0}
    - target: {fileID: 4210577086663916902, guid: 631da4104a093304e8de046a05b1ea54, type: 3}
      propertyPath: m_LocalEulerAnglesHint.z
      value: 0
      objectReference: {fileID: 0}
    - target: {fileID: 4494708785776417127, guid: 631da4104a093304e8de046a05b1ea54, type: 3}
      propertyPath: value
      value: "'\u043E\u0437\u0434\u043E\u0440\u043E\u0432\u0438\u0442\u0435\u043B\u044C\u043D\u044B\u0439',"
      objectReference: {fileID: 0}
    - target: {fileID: 4494708785776417127, guid: 631da4104a093304e8de046a05b1ea54, type: 3}
      propertyPath: layer.m_Bits
      value: 128
      objectReference: {fileID: 0}
    - target: {fileID: 6382816088064579074, guid: 631da4104a093304e8de046a05b1ea54, type: 3}
      propertyPath: m_AnchoredPosition.x
      value: -0.049804688
      objectReference: {fileID: 0}
    - target: {fileID: 6382816088064579074, guid: 631da4104a093304e8de046a05b1ea54, type: 3}
      propertyPath: m_AnchoredPosition.y
      value: -0.024963379
      objectReference: {fileID: 0}
    m_RemovedComponents: []
  m_SourcePrefab: {fileID: 100100000, guid: 631da4104a093304e8de046a05b1ea54, type: 3}
--- !u!4 &6641840149809174074 stripped
Transform:
  m_CorrespondingSourceObject: {fileID: 4210577086663916902, guid: 631da4104a093304e8de046a05b1ea54, type: 3}
  m_PrefabInstance: {fileID: 7368583744796355420}
  m_PrefabAsset: {fileID: 0}
--- !u!1001 &7368583745405194794
PrefabInstance:
  m_ObjectHideFlags: 0
  serializedVersion: 2
  m_Modification:
    m_TransformParent: {fileID: 8169167791084466189}
    m_Modifications:
    - target: {fileID: 2586105155488779937, guid: 631da4104a093304e8de046a05b1ea54, type: 3}
      propertyPath: m_Text
      value: SELECT
      objectReference: {fileID: 0}
    - target: {fileID: 4210577086663916900, guid: 631da4104a093304e8de046a05b1ea54, type: 3}
      propertyPath: m_Name
      value: SQL Query Fragment.11
      objectReference: {fileID: 0}
    - target: {fileID: 4210577086663916902, guid: 631da4104a093304e8de046a05b1ea54, type: 3}
      propertyPath: m_RootOrder
      value: 9
      objectReference: {fileID: 0}
    - target: {fileID: 4210577086663916902, guid: 631da4104a093304e8de046a05b1ea54, type: 3}
      propertyPath: m_LocalPosition.x
      value: -0.41
      objectReference: {fileID: 0}
    - target: {fileID: 4210577086663916902, guid: 631da4104a093304e8de046a05b1ea54, type: 3}
      propertyPath: m_LocalPosition.y
      value: 0.82
      objectReference: {fileID: 0}
    - target: {fileID: 4210577086663916902, guid: 631da4104a093304e8de046a05b1ea54, type: 3}
      propertyPath: m_LocalPosition.z
      value: 0
      objectReference: {fileID: 0}
    - target: {fileID: 4210577086663916902, guid: 631da4104a093304e8de046a05b1ea54, type: 3}
      propertyPath: m_LocalRotation.w
      value: 1
      objectReference: {fileID: 0}
    - target: {fileID: 4210577086663916902, guid: 631da4104a093304e8de046a05b1ea54, type: 3}
      propertyPath: m_LocalRotation.x
      value: 0
      objectReference: {fileID: 0}
    - target: {fileID: 4210577086663916902, guid: 631da4104a093304e8de046a05b1ea54, type: 3}
      propertyPath: m_LocalRotation.y
      value: 0
      objectReference: {fileID: 0}
    - target: {fileID: 4210577086663916902, guid: 631da4104a093304e8de046a05b1ea54, type: 3}
      propertyPath: m_LocalRotation.z
      value: 0
      objectReference: {fileID: 0}
    - target: {fileID: 4210577086663916902, guid: 631da4104a093304e8de046a05b1ea54, type: 3}
      propertyPath: m_LocalEulerAnglesHint.x
      value: 0
      objectReference: {fileID: 0}
    - target: {fileID: 4210577086663916902, guid: 631da4104a093304e8de046a05b1ea54, type: 3}
      propertyPath: m_LocalEulerAnglesHint.y
      value: 0
      objectReference: {fileID: 0}
    - target: {fileID: 4210577086663916902, guid: 631da4104a093304e8de046a05b1ea54, type: 3}
      propertyPath: m_LocalEulerAnglesHint.z
      value: 0
      objectReference: {fileID: 0}
    - target: {fileID: 4494708785776417127, guid: 631da4104a093304e8de046a05b1ea54, type: 3}
      propertyPath: value
      value: "'\u0443\u043B.\u0421\u043E\u043B\u043D\u0435\u0447\u043D\u0430\u044F,13')"
      objectReference: {fileID: 0}
    - target: {fileID: 4494708785776417127, guid: 631da4104a093304e8de046a05b1ea54, type: 3}
      propertyPath: layer.m_Bits
      value: 128
      objectReference: {fileID: 0}
    - target: {fileID: 6382816088064579074, guid: 631da4104a093304e8de046a05b1ea54, type: 3}
      propertyPath: m_AnchoredPosition.x
      value: -0.049804688
      objectReference: {fileID: 0}
    - target: {fileID: 6382816088064579074, guid: 631da4104a093304e8de046a05b1ea54, type: 3}
      propertyPath: m_AnchoredPosition.y
      value: -0.024963379
      objectReference: {fileID: 0}
    m_RemovedComponents: []
  m_SourcePrefab: {fileID: 100100000, guid: 631da4104a093304e8de046a05b1ea54, type: 3}
--- !u!4 &6641840151357583180 stripped
Transform:
  m_CorrespondingSourceObject: {fileID: 4210577086663916902, guid: 631da4104a093304e8de046a05b1ea54, type: 3}
  m_PrefabInstance: {fileID: 7368583745405194794}
  m_PrefabAsset: {fileID: 0}
--- !u!1001 &7368583745946548487
PrefabInstance:
  m_ObjectHideFlags: 0
  serializedVersion: 2
  m_Modification:
    m_TransformParent: {fileID: 8169167791084466189}
    m_Modifications:
    - target: {fileID: 2586105155488779937, guid: 631da4104a093304e8de046a05b1ea54, type: 3}
      propertyPath: m_Text
      value: SELECT
      objectReference: {fileID: 0}
    - target: {fileID: 4210577086663916900, guid: 631da4104a093304e8de046a05b1ea54, type: 3}
      propertyPath: m_Name
      value: SQL Query Fragment.12
      objectReference: {fileID: 0}
    - target: {fileID: 4210577086663916902, guid: 631da4104a093304e8de046a05b1ea54, type: 3}
      propertyPath: m_RootOrder
      value: 10
      objectReference: {fileID: 0}
    - target: {fileID: 4210577086663916902, guid: 631da4104a093304e8de046a05b1ea54, type: 3}
      propertyPath: m_LocalPosition.x
      value: -1.09
      objectReference: {fileID: 0}
    - target: {fileID: 4210577086663916902, guid: 631da4104a093304e8de046a05b1ea54, type: 3}
      propertyPath: m_LocalPosition.y
      value: -0.811
      objectReference: {fileID: 0}
    - target: {fileID: 4210577086663916902, guid: 631da4104a093304e8de046a05b1ea54, type: 3}
      propertyPath: m_LocalPosition.z
      value: 0
      objectReference: {fileID: 0}
    - target: {fileID: 4210577086663916902, guid: 631da4104a093304e8de046a05b1ea54, type: 3}
      propertyPath: m_LocalRotation.w
      value: 1
      objectReference: {fileID: 0}
    - target: {fileID: 4210577086663916902, guid: 631da4104a093304e8de046a05b1ea54, type: 3}
      propertyPath: m_LocalRotation.x
      value: 0
      objectReference: {fileID: 0}
    - target: {fileID: 4210577086663916902, guid: 631da4104a093304e8de046a05b1ea54, type: 3}
      propertyPath: m_LocalRotation.y
      value: 0
      objectReference: {fileID: 0}
    - target: {fileID: 4210577086663916902, guid: 631da4104a093304e8de046a05b1ea54, type: 3}
      propertyPath: m_LocalRotation.z
      value: 0
      objectReference: {fileID: 0}
    - target: {fileID: 4210577086663916902, guid: 631da4104a093304e8de046a05b1ea54, type: 3}
      propertyPath: m_LocalEulerAnglesHint.x
      value: 0
      objectReference: {fileID: 0}
    - target: {fileID: 4210577086663916902, guid: 631da4104a093304e8de046a05b1ea54, type: 3}
      propertyPath: m_LocalEulerAnglesHint.y
      value: 0
      objectReference: {fileID: 0}
    - target: {fileID: 4210577086663916902, guid: 631da4104a093304e8de046a05b1ea54, type: 3}
      propertyPath: m_LocalEulerAnglesHint.z
      value: 0
      objectReference: {fileID: 0}
    - target: {fileID: 4494708785776417127, guid: 631da4104a093304e8de046a05b1ea54, type: 3}
      propertyPath: value
      value: "'\u041C\u043E\u0441\u043A\u0432\u0430'"
      objectReference: {fileID: 0}
    - target: {fileID: 4494708785776417127, guid: 631da4104a093304e8de046a05b1ea54, type: 3}
      propertyPath: layer.m_Bits
      value: 128
      objectReference: {fileID: 0}
    - target: {fileID: 6382816088064579074, guid: 631da4104a093304e8de046a05b1ea54, type: 3}
      propertyPath: m_AnchoredPosition.x
      value: -0.049804688
      objectReference: {fileID: 0}
    - target: {fileID: 6382816088064579074, guid: 631da4104a093304e8de046a05b1ea54, type: 3}
      propertyPath: m_AnchoredPosition.y
      value: -0.024963379
      objectReference: {fileID: 0}
    m_RemovedComponents: []
  m_SourcePrefab: {fileID: 100100000, guid: 631da4104a093304e8de046a05b1ea54, type: 3}
--- !u!4 &6641840150825141345 stripped
Transform:
  m_CorrespondingSourceObject: {fileID: 4210577086663916902, guid: 631da4104a093304e8de046a05b1ea54, type: 3}
  m_PrefabInstance: {fileID: 7368583745946548487}
  m_PrefabAsset: {fileID: 0}
--- !u!1001 &7368583746001668591
PrefabInstance:
  m_ObjectHideFlags: 0
  serializedVersion: 2
  m_Modification:
    m_TransformParent: {fileID: 8169167791084466189}
    m_Modifications:
    - target: {fileID: 2586105155488779937, guid: 631da4104a093304e8de046a05b1ea54, type: 3}
      propertyPath: m_Text
      value: SELECT
      objectReference: {fileID: 0}
    - target: {fileID: 4210577086663916900, guid: 631da4104a093304e8de046a05b1ea54, type: 3}
      propertyPath: m_Name
      value: SQL Query Fragment.9
      objectReference: {fileID: 0}
    - target: {fileID: 4210577086663916902, guid: 631da4104a093304e8de046a05b1ea54, type: 3}
      propertyPath: m_RootOrder
      value: 7
      objectReference: {fileID: 0}
    - target: {fileID: 4210577086663916902, guid: 631da4104a093304e8de046a05b1ea54, type: 3}
      propertyPath: m_LocalPosition.x
      value: -0.99
      objectReference: {fileID: 0}
    - target: {fileID: 4210577086663916902, guid: 631da4104a093304e8de046a05b1ea54, type: 3}
      propertyPath: m_LocalPosition.y
      value: 2.09
      objectReference: {fileID: 0}
    - target: {fileID: 4210577086663916902, guid: 631da4104a093304e8de046a05b1ea54, type: 3}
      propertyPath: m_LocalPosition.z
      value: 0
      objectReference: {fileID: 0}
    - target: {fileID: 4210577086663916902, guid: 631da4104a093304e8de046a05b1ea54, type: 3}
      propertyPath: m_LocalRotation.w
      value: 1
      objectReference: {fileID: 0}
    - target: {fileID: 4210577086663916902, guid: 631da4104a093304e8de046a05b1ea54, type: 3}
      propertyPath: m_LocalRotation.x
      value: 0
      objectReference: {fileID: 0}
    - target: {fileID: 4210577086663916902, guid: 631da4104a093304e8de046a05b1ea54, type: 3}
      propertyPath: m_LocalRotation.y
      value: 0
      objectReference: {fileID: 0}
    - target: {fileID: 4210577086663916902, guid: 631da4104a093304e8de046a05b1ea54, type: 3}
      propertyPath: m_LocalRotation.z
      value: 0
      objectReference: {fileID: 0}
    - target: {fileID: 4210577086663916902, guid: 631da4104a093304e8de046a05b1ea54, type: 3}
      propertyPath: m_LocalEulerAnglesHint.x
      value: 0
      objectReference: {fileID: 0}
    - target: {fileID: 4210577086663916902, guid: 631da4104a093304e8de046a05b1ea54, type: 3}
      propertyPath: m_LocalEulerAnglesHint.y
      value: 0
      objectReference: {fileID: 0}
    - target: {fileID: 4210577086663916902, guid: 631da4104a093304e8de046a05b1ea54, type: 3}
      propertyPath: m_LocalEulerAnglesHint.z
      value: 0
      objectReference: {fileID: 0}
    - target: {fileID: 4494708785776417127, guid: 631da4104a093304e8de046a05b1ea54, type: 3}
      propertyPath: value
      value: "'5-\u0437\u0432\u0451\u0437\u0434\u043E\u0447\u043D\u044B\u0439',"
      objectReference: {fileID: 0}
    - target: {fileID: 4494708785776417127, guid: 631da4104a093304e8de046a05b1ea54, type: 3}
      propertyPath: layer.m_Bits
      value: 128
      objectReference: {fileID: 0}
    - target: {fileID: 6382816088064579074, guid: 631da4104a093304e8de046a05b1ea54, type: 3}
      propertyPath: m_AnchoredPosition.x
      value: -0.049804688
      objectReference: {fileID: 0}
    - target: {fileID: 6382816088064579074, guid: 631da4104a093304e8de046a05b1ea54, type: 3}
      propertyPath: m_AnchoredPosition.y
      value: -0.024963379
      objectReference: {fileID: 0}
    m_RemovedComponents: []
  m_SourcePrefab: {fileID: 100100000, guid: 631da4104a093304e8de046a05b1ea54, type: 3}
--- !u!4 &6641840150746100873 stripped
Transform:
  m_CorrespondingSourceObject: {fileID: 4210577086663916902, guid: 631da4104a093304e8de046a05b1ea54, type: 3}
  m_PrefabInstance: {fileID: 7368583746001668591}
  m_PrefabAsset: {fileID: 0}
--- !u!1001 &8169167789588258185
PrefabInstance:
  m_ObjectHideFlags: 0
  serializedVersion: 2
  m_Modification:
    m_TransformParent: {fileID: 8169167791084466189}
    m_Modifications:
    - target: {fileID: 2586105155488779937, guid: 631da4104a093304e8de046a05b1ea54, type: 3}
      propertyPath: m_Text
      value: SELECT
      objectReference: {fileID: 0}
    - target: {fileID: 4210577086663916900, guid: 631da4104a093304e8de046a05b1ea54, type: 3}
      propertyPath: m_Name
      value: SQL Query Fragment.3
      objectReference: {fileID: 0}
    - target: {fileID: 4210577086663916902, guid: 631da4104a093304e8de046a05b1ea54, type: 3}
      propertyPath: m_RootOrder
      value: 2
      objectReference: {fileID: 0}
    - target: {fileID: 4210577086663916902, guid: 631da4104a093304e8de046a05b1ea54, type: 3}
      propertyPath: m_LocalPosition.x
      value: 0.75
      objectReference: {fileID: 0}
    - target: {fileID: 4210577086663916902, guid: 631da4104a093304e8de046a05b1ea54, type: 3}
      propertyPath: m_LocalPosition.y
      value: 3.259
      objectReference: {fileID: 0}
    - target: {fileID: 4210577086663916902, guid: 631da4104a093304e8de046a05b1ea54, type: 3}
      propertyPath: m_LocalPosition.z
      value: 0
      objectReference: {fileID: 0}
    - target: {fileID: 4210577086663916902, guid: 631da4104a093304e8de046a05b1ea54, type: 3}
      propertyPath: m_LocalRotation.w
      value: 1
      objectReference: {fileID: 0}
    - target: {fileID: 4210577086663916902, guid: 631da4104a093304e8de046a05b1ea54, type: 3}
      propertyPath: m_LocalRotation.x
      value: 0
      objectReference: {fileID: 0}
    - target: {fileID: 4210577086663916902, guid: 631da4104a093304e8de046a05b1ea54, type: 3}
      propertyPath: m_LocalRotation.y
      value: 0
      objectReference: {fileID: 0}
    - target: {fileID: 4210577086663916902, guid: 631da4104a093304e8de046a05b1ea54, type: 3}
      propertyPath: m_LocalRotation.z
      value: 0
      objectReference: {fileID: 0}
    - target: {fileID: 4210577086663916902, guid: 631da4104a093304e8de046a05b1ea54, type: 3}
      propertyPath: m_LocalEulerAnglesHint.x
      value: 0
      objectReference: {fileID: 0}
    - target: {fileID: 4210577086663916902, guid: 631da4104a093304e8de046a05b1ea54, type: 3}
      propertyPath: m_LocalEulerAnglesHint.y
      value: 0
      objectReference: {fileID: 0}
    - target: {fileID: 4210577086663916902, guid: 631da4104a093304e8de046a05b1ea54, type: 3}
      propertyPath: m_LocalEulerAnglesHint.z
      value: 0
      objectReference: {fileID: 0}
    - target: {fileID: 4494708785776417127, guid: 631da4104a093304e8de046a05b1ea54, type: 3}
      propertyPath: value
      value: "\u043F\u0430\u043D\u0441\u0438\u043E\u043D\u0430\u0442\u044B"
      objectReference: {fileID: 0}
    - target: {fileID: 4494708785776417127, guid: 631da4104a093304e8de046a05b1ea54, type: 3}
      propertyPath: layer.m_Bits
      value: 128
      objectReference: {fileID: 0}
    - target: {fileID: 6382816088064579074, guid: 631da4104a093304e8de046a05b1ea54, type: 3}
      propertyPath: m_AnchoredPosition.x
      value: -0.049804688
      objectReference: {fileID: 0}
    - target: {fileID: 6382816088064579074, guid: 631da4104a093304e8de046a05b1ea54, type: 3}
      propertyPath: m_AnchoredPosition.y
      value: -0.024963379
      objectReference: {fileID: 0}
    m_RemovedComponents: []
  m_SourcePrefab: {fileID: 100100000, guid: 631da4104a093304e8de046a05b1ea54, type: 3}
--- !u!4 &5417917624102740207 stripped
Transform:
  m_CorrespondingSourceObject: {fileID: 4210577086663916902, guid: 631da4104a093304e8de046a05b1ea54, type: 3}
  m_PrefabInstance: {fileID: 8169167789588258185}
  m_PrefabAsset: {fileID: 0}
--- !u!1001 &8169167790115288584
PrefabInstance:
  m_ObjectHideFlags: 0
  serializedVersion: 2
  m_Modification:
    m_TransformParent: {fileID: 8169167791084466189}
    m_Modifications:
    - target: {fileID: 2586105155488779937, guid: 631da4104a093304e8de046a05b1ea54, type: 3}
      propertyPath: m_Text
      value: SELECT
      objectReference: {fileID: 0}
    - target: {fileID: 4210577086663916900, guid: 631da4104a093304e8de046a05b1ea54, type: 3}
      propertyPath: m_Name
      value: SQL Query Fragment.7
      objectReference: {fileID: 0}
    - target: {fileID: 4210577086663916902, guid: 631da4104a093304e8de046a05b1ea54, type: 3}
      propertyPath: m_RootOrder
      value: 5
      objectReference: {fileID: 0}
    - target: {fileID: 4210577086663916902, guid: 631da4104a093304e8de046a05b1ea54, type: 3}
      propertyPath: m_LocalPosition.x
      value: 0.83
      objectReference: {fileID: 0}
    - target: {fileID: 4210577086663916902, guid: 631da4104a093304e8de046a05b1ea54, type: 3}
      propertyPath: m_LocalPosition.y
      value: 2.75
      objectReference: {fileID: 0}
    - target: {fileID: 4210577086663916902, guid: 631da4104a093304e8de046a05b1ea54, type: 3}
      propertyPath: m_LocalPosition.z
      value: 0
      objectReference: {fileID: 0}
    - target: {fileID: 4210577086663916902, guid: 631da4104a093304e8de046a05b1ea54, type: 3}
      propertyPath: m_LocalRotation.w
      value: 1
      objectReference: {fileID: 0}
    - target: {fileID: 4210577086663916902, guid: 631da4104a093304e8de046a05b1ea54, type: 3}
      propertyPath: m_LocalRotation.x
      value: 0
      objectReference: {fileID: 0}
    - target: {fileID: 4210577086663916902, guid: 631da4104a093304e8de046a05b1ea54, type: 3}
      propertyPath: m_LocalRotation.y
      value: 0
      objectReference: {fileID: 0}
    - target: {fileID: 4210577086663916902, guid: 631da4104a093304e8de046a05b1ea54, type: 3}
      propertyPath: m_LocalRotation.z
      value: 0
      objectReference: {fileID: 0}
    - target: {fileID: 4210577086663916902, guid: 631da4104a093304e8de046a05b1ea54, type: 3}
      propertyPath: m_LocalEulerAnglesHint.x
      value: 0
      objectReference: {fileID: 0}
    - target: {fileID: 4210577086663916902, guid: 631da4104a093304e8de046a05b1ea54, type: 3}
      propertyPath: m_LocalEulerAnglesHint.y
      value: 0
      objectReference: {fileID: 0}
    - target: {fileID: 4210577086663916902, guid: 631da4104a093304e8de046a05b1ea54, type: 3}
      propertyPath: m_LocalEulerAnglesHint.z
      value: 0
      objectReference: {fileID: 0}
    - target: {fileID: 4494708785776417127, guid: 631da4104a093304e8de046a05b1ea54, type: 3}
      propertyPath: value
      value: "'\u0420\u043E\u0441\u0441\u0438\u044F',"
      objectReference: {fileID: 0}
    - target: {fileID: 4494708785776417127, guid: 631da4104a093304e8de046a05b1ea54, type: 3}
      propertyPath: layer.m_Bits
      value: 128
      objectReference: {fileID: 0}
    - target: {fileID: 6382816088064579074, guid: 631da4104a093304e8de046a05b1ea54, type: 3}
      propertyPath: m_AnchoredPosition.x
      value: -0.049804688
      objectReference: {fileID: 0}
    - target: {fileID: 6382816088064579074, guid: 631da4104a093304e8de046a05b1ea54, type: 3}
      propertyPath: m_AnchoredPosition.y
      value: -0.024963379
      objectReference: {fileID: 0}
    m_RemovedComponents: []
  m_SourcePrefab: {fileID: 100100000, guid: 631da4104a093304e8de046a05b1ea54, type: 3}
--- !u!4 &5417917623555984238 stripped
Transform:
  m_CorrespondingSourceObject: {fileID: 4210577086663916902, guid: 631da4104a093304e8de046a05b1ea54, type: 3}
  m_PrefabInstance: {fileID: 8169167790115288584}
  m_PrefabAsset: {fileID: 0}
--- !u!1001 &8169167790155748012
PrefabInstance:
  m_ObjectHideFlags: 0
  serializedVersion: 2
  m_Modification:
    m_TransformParent: {fileID: 8169167791084466189}
    m_Modifications:
    - target: {fileID: 2586105155488779937, guid: 631da4104a093304e8de046a05b1ea54, type: 3}
      propertyPath: m_Text
      value: "('\u041C\u0430\u0448\u0438\u043D\u043D\u043E\u0435 \u043E\u0431\u0443\u0447\u0435\u043D\u0438\u0435',"
      objectReference: {fileID: 0}
    - target: {fileID: 2586105155488779937, guid: 631da4104a093304e8de046a05b1ea54, type: 3}
      propertyPath: m_FontData.m_BestFit
      value: 0
      objectReference: {fileID: 0}
    - target: {fileID: 2586105155488779937, guid: 631da4104a093304e8de046a05b1ea54, type: 3}
      propertyPath: m_FontData.m_MaxSize
      value: 300
      objectReference: {fileID: 0}
    - target: {fileID: 2586105155488779937, guid: 631da4104a093304e8de046a05b1ea54, type: 3}
      propertyPath: m_FontData.m_MinSize
      value: 0
      objectReference: {fileID: 0}
    - target: {fileID: 2586105155488779937, guid: 631da4104a093304e8de046a05b1ea54, type: 3}
      propertyPath: m_FontData.m_FontSize
      value: 93
      objectReference: {fileID: 0}
    - target: {fileID: 2586105155488779937, guid: 631da4104a093304e8de046a05b1ea54, type: 3}
      propertyPath: m_FontData.m_AlignByGeometry
      value: 1
      objectReference: {fileID: 0}
    - target: {fileID: 2586105155488779937, guid: 631da4104a093304e8de046a05b1ea54, type: 3}
      propertyPath: m_FontData.m_VerticalOverflow
      value: 0
      objectReference: {fileID: 0}
    - target: {fileID: 2586105155488779937, guid: 631da4104a093304e8de046a05b1ea54, type: 3}
      propertyPath: m_FontData.m_HorizontalOverflow
      value: 0
      objectReference: {fileID: 0}
    - target: {fileID: 4210577086663916900, guid: 631da4104a093304e8de046a05b1ea54, type: 3}
      propertyPath: m_Name
      value: SQL Query Fragment.5
      objectReference: {fileID: 0}
    - target: {fileID: 4210577086663916902, guid: 631da4104a093304e8de046a05b1ea54, type: 3}
      propertyPath: m_RootOrder
      value: 4
      objectReference: {fileID: 0}
    - target: {fileID: 4210577086663916902, guid: 631da4104a093304e8de046a05b1ea54, type: 3}
      propertyPath: m_LocalPosition.x
      value: -0.98
      objectReference: {fileID: 0}
    - target: {fileID: 4210577086663916902, guid: 631da4104a093304e8de046a05b1ea54, type: 3}
      propertyPath: m_LocalPosition.y
      value: 3.12
      objectReference: {fileID: 0}
    - target: {fileID: 4210577086663916902, guid: 631da4104a093304e8de046a05b1ea54, type: 3}
      propertyPath: m_LocalPosition.z
      value: 0
      objectReference: {fileID: 0}
    - target: {fileID: 4210577086663916902, guid: 631da4104a093304e8de046a05b1ea54, type: 3}
      propertyPath: m_LocalRotation.w
      value: 1
      objectReference: {fileID: 0}
    - target: {fileID: 4210577086663916902, guid: 631da4104a093304e8de046a05b1ea54, type: 3}
      propertyPath: m_LocalRotation.x
      value: 0
      objectReference: {fileID: 0}
    - target: {fileID: 4210577086663916902, guid: 631da4104a093304e8de046a05b1ea54, type: 3}
      propertyPath: m_LocalRotation.y
      value: 0
      objectReference: {fileID: 0}
    - target: {fileID: 4210577086663916902, guid: 631da4104a093304e8de046a05b1ea54, type: 3}
      propertyPath: m_LocalRotation.z
      value: 0
      objectReference: {fileID: 0}
    - target: {fileID: 4210577086663916902, guid: 631da4104a093304e8de046a05b1ea54, type: 3}
      propertyPath: m_LocalEulerAnglesHint.x
      value: 0
      objectReference: {fileID: 0}
    - target: {fileID: 4210577086663916902, guid: 631da4104a093304e8de046a05b1ea54, type: 3}
      propertyPath: m_LocalEulerAnglesHint.y
      value: 0
      objectReference: {fileID: 0}
    - target: {fileID: 4210577086663916902, guid: 631da4104a093304e8de046a05b1ea54, type: 3}
      propertyPath: m_LocalEulerAnglesHint.z
      value: 0
      objectReference: {fileID: 0}
    - target: {fileID: 4494708785776417127, guid: 631da4104a093304e8de046a05b1ea54, type: 3}
      propertyPath: value
      value: "('\u0412\u0435\u0433\u0430c',"
      objectReference: {fileID: 0}
    - target: {fileID: 4494708785776417127, guid: 631da4104a093304e8de046a05b1ea54, type: 3}
      propertyPath: layer.m_Bits
      value: 128
      objectReference: {fileID: 0}
    - target: {fileID: 6382816088064579074, guid: 631da4104a093304e8de046a05b1ea54, type: 3}
      propertyPath: m_AnchoredPosition.x
      value: -0.049804688
      objectReference: {fileID: 0}
    - target: {fileID: 6382816088064579074, guid: 631da4104a093304e8de046a05b1ea54, type: 3}
      propertyPath: m_AnchoredPosition.y
      value: -0.024963379
      objectReference: {fileID: 0}
    m_RemovedComponents: []
  m_SourcePrefab: {fileID: 100100000, guid: 631da4104a093304e8de046a05b1ea54, type: 3}
--- !u!4 &5417917623529353162 stripped
Transform:
  m_CorrespondingSourceObject: {fileID: 4210577086663916902, guid: 631da4104a093304e8de046a05b1ea54, type: 3}
  m_PrefabInstance: {fileID: 8169167790155748012}
  m_PrefabAsset: {fileID: 0}
--- !u!1001 &8169167790370883894
PrefabInstance:
  m_ObjectHideFlags: 0
  serializedVersion: 2
  m_Modification:
    m_TransformParent: {fileID: 8169167791084466189}
    m_Modifications:
    - target: {fileID: 2586105155488779937, guid: 631da4104a093304e8de046a05b1ea54, type: 3}
      propertyPath: m_Text
      value: SELECT
      objectReference: {fileID: 0}
    - target: {fileID: 4210577086663916900, guid: 631da4104a093304e8de046a05b1ea54, type: 3}
      propertyPath: m_Name
      value: SQL Query Fragment.1
      objectReference: {fileID: 0}
    - target: {fileID: 4210577086663916902, guid: 631da4104a093304e8de046a05b1ea54, type: 3}
      propertyPath: m_RootOrder
      value: 0
      objectReference: {fileID: 0}
    - target: {fileID: 4210577086663916902, guid: 631da4104a093304e8de046a05b1ea54, type: 3}
      propertyPath: m_LocalPosition.x
      value: 0.79
      objectReference: {fileID: 0}
    - target: {fileID: 4210577086663916902, guid: 631da4104a093304e8de046a05b1ea54, type: 3}
      propertyPath: m_LocalPosition.y
      value: 1.9
      objectReference: {fileID: 0}
    - target: {fileID: 4210577086663916902, guid: 631da4104a093304e8de046a05b1ea54, type: 3}
      propertyPath: m_LocalPosition.z
      value: 0
      objectReference: {fileID: 0}
    - target: {fileID: 4210577086663916902, guid: 631da4104a093304e8de046a05b1ea54, type: 3}
      propertyPath: m_LocalRotation.w
      value: 1
      objectReference: {fileID: 0}
    - target: {fileID: 4210577086663916902, guid: 631da4104a093304e8de046a05b1ea54, type: 3}
      propertyPath: m_LocalRotation.x
      value: 0
      objectReference: {fileID: 0}
    - target: {fileID: 4210577086663916902, guid: 631da4104a093304e8de046a05b1ea54, type: 3}
      propertyPath: m_LocalRotation.y
      value: 0
      objectReference: {fileID: 0}
    - target: {fileID: 4210577086663916902, guid: 631da4104a093304e8de046a05b1ea54, type: 3}
      propertyPath: m_LocalRotation.z
      value: 0
      objectReference: {fileID: 0}
    - target: {fileID: 4210577086663916902, guid: 631da4104a093304e8de046a05b1ea54, type: 3}
      propertyPath: m_LocalEulerAnglesHint.x
      value: 0
      objectReference: {fileID: 0}
    - target: {fileID: 4210577086663916902, guid: 631da4104a093304e8de046a05b1ea54, type: 3}
      propertyPath: m_LocalEulerAnglesHint.y
      value: 0
      objectReference: {fileID: 0}
    - target: {fileID: 4210577086663916902, guid: 631da4104a093304e8de046a05b1ea54, type: 3}
      propertyPath: m_LocalEulerAnglesHint.z
      value: 0
      objectReference: {fileID: 0}
    - target: {fileID: 4494708785776417127, guid: 631da4104a093304e8de046a05b1ea54, type: 3}
      propertyPath: value
      value: INSERT
      objectReference: {fileID: 0}
    - target: {fileID: 4494708785776417127, guid: 631da4104a093304e8de046a05b1ea54, type: 3}
      propertyPath: layer.m_Bits
      value: 128
      objectReference: {fileID: 0}
    - target: {fileID: 6382816088064579074, guid: 631da4104a093304e8de046a05b1ea54, type: 3}
      propertyPath: m_AnchoredPosition.x
      value: -0.049804688
      objectReference: {fileID: 0}
    - target: {fileID: 6382816088064579074, guid: 631da4104a093304e8de046a05b1ea54, type: 3}
      propertyPath: m_AnchoredPosition.y
      value: -0.024963379
      objectReference: {fileID: 0}
    m_RemovedComponents: []
  m_SourcePrefab: {fileID: 100100000, guid: 631da4104a093304e8de046a05b1ea54, type: 3}
--- !u!4 &5417917623341872208 stripped
Transform:
  m_CorrespondingSourceObject: {fileID: 4210577086663916902, guid: 631da4104a093304e8de046a05b1ea54, type: 3}
  m_PrefabInstance: {fileID: 8169167790370883894}
  m_PrefabAsset: {fileID: 0}
--- !u!1001 &8169167790415217432
PrefabInstance:
  m_ObjectHideFlags: 0
  serializedVersion: 2
  m_Modification:
    m_TransformParent: {fileID: 8169167791084466189}
    m_Modifications:
    - target: {fileID: 2586105155488779937, guid: 631da4104a093304e8de046a05b1ea54, type: 3}
      propertyPath: m_Text
      value: SELECT
      objectReference: {fileID: 0}
    - target: {fileID: 4210577086663916900, guid: 631da4104a093304e8de046a05b1ea54, type: 3}
      propertyPath: m_Name
      value: SQL Query Fragment.2
      objectReference: {fileID: 0}
    - target: {fileID: 4210577086663916902, guid: 631da4104a093304e8de046a05b1ea54, type: 3}
      propertyPath: m_RootOrder
      value: 1
      objectReference: {fileID: 0}
    - target: {fileID: 4210577086663916902, guid: 631da4104a093304e8de046a05b1ea54, type: 3}
      propertyPath: m_LocalPosition.x
      value: -0.82
      objectReference: {fileID: 0}
    - target: {fileID: 4210577086663916902, guid: 631da4104a093304e8de046a05b1ea54, type: 3}
      propertyPath: m_LocalPosition.y
      value: 3.73
      objectReference: {fileID: 0}
    - target: {fileID: 4210577086663916902, guid: 631da4104a093304e8de046a05b1ea54, type: 3}
      propertyPath: m_LocalPosition.z
      value: 0
      objectReference: {fileID: 0}
    - target: {fileID: 4210577086663916902, guid: 631da4104a093304e8de046a05b1ea54, type: 3}
      propertyPath: m_LocalRotation.w
      value: 1
      objectReference: {fileID: 0}
    - target: {fileID: 4210577086663916902, guid: 631da4104a093304e8de046a05b1ea54, type: 3}
      propertyPath: m_LocalRotation.x
      value: 0
      objectReference: {fileID: 0}
    - target: {fileID: 4210577086663916902, guid: 631da4104a093304e8de046a05b1ea54, type: 3}
      propertyPath: m_LocalRotation.y
      value: 0
      objectReference: {fileID: 0}
    - target: {fileID: 4210577086663916902, guid: 631da4104a093304e8de046a05b1ea54, type: 3}
      propertyPath: m_LocalRotation.z
      value: 0
      objectReference: {fileID: 0}
    - target: {fileID: 4210577086663916902, guid: 631da4104a093304e8de046a05b1ea54, type: 3}
      propertyPath: m_LocalEulerAnglesHint.x
      value: 0
      objectReference: {fileID: 0}
    - target: {fileID: 4210577086663916902, guid: 631da4104a093304e8de046a05b1ea54, type: 3}
      propertyPath: m_LocalEulerAnglesHint.y
      value: 0
      objectReference: {fileID: 0}
    - target: {fileID: 4210577086663916902, guid: 631da4104a093304e8de046a05b1ea54, type: 3}
      propertyPath: m_LocalEulerAnglesHint.z
      value: 0
      objectReference: {fileID: 0}
    - target: {fileID: 4494708785776417127, guid: 631da4104a093304e8de046a05b1ea54, type: 3}
      propertyPath: value
      value: INTO
      objectReference: {fileID: 0}
    - target: {fileID: 4494708785776417127, guid: 631da4104a093304e8de046a05b1ea54, type: 3}
      propertyPath: layer.m_Bits
      value: 128
      objectReference: {fileID: 0}
    - target: {fileID: 6382816088064579074, guid: 631da4104a093304e8de046a05b1ea54, type: 3}
      propertyPath: m_AnchoredPosition.x
      value: -0.049804688
      objectReference: {fileID: 0}
    - target: {fileID: 6382816088064579074, guid: 631da4104a093304e8de046a05b1ea54, type: 3}
      propertyPath: m_AnchoredPosition.y
      value: -0.024963379
      objectReference: {fileID: 0}
    m_RemovedComponents: []
  m_SourcePrefab: {fileID: 100100000, guid: 631da4104a093304e8de046a05b1ea54, type: 3}
--- !u!4 &5417917625399475838 stripped
Transform:
  m_CorrespondingSourceObject: {fileID: 4210577086663916902, guid: 631da4104a093304e8de046a05b1ea54, type: 3}
  m_PrefabInstance: {fileID: 8169167790415217432}
  m_PrefabAsset: {fileID: 0}
--- !u!1001 &8169167790849463463
PrefabInstance:
  m_ObjectHideFlags: 0
  serializedVersion: 2
  m_Modification:
    m_TransformParent: {fileID: 8169167791084466189}
    m_Modifications:
    - target: {fileID: 2586105155488779937, guid: 631da4104a093304e8de046a05b1ea54, type: 3}
      propertyPath: m_Text
      value: SELECT
      objectReference: {fileID: 0}
    - target: {fileID: 4210577086663916900, guid: 631da4104a093304e8de046a05b1ea54, type: 3}
      propertyPath: m_Name
      value: SQL Query Fragment.4
      objectReference: {fileID: 0}
    - target: {fileID: 4210577086663916902, guid: 631da4104a093304e8de046a05b1ea54, type: 3}
      propertyPath: m_RootOrder
      value: 3
      objectReference: {fileID: 0}
    - target: {fileID: 4210577086663916902, guid: 631da4104a093304e8de046a05b1ea54, type: 3}
      propertyPath: m_LocalPosition.x
      value: 0.95
      objectReference: {fileID: 0}
    - target: {fileID: 4210577086663916902, guid: 631da4104a093304e8de046a05b1ea54, type: 3}
      propertyPath: m_LocalPosition.y
      value: 3.68
      objectReference: {fileID: 0}
    - target: {fileID: 4210577086663916902, guid: 631da4104a093304e8de046a05b1ea54, type: 3}
      propertyPath: m_LocalPosition.z
      value: 0
      objectReference: {fileID: 0}
    - target: {fileID: 4210577086663916902, guid: 631da4104a093304e8de046a05b1ea54, type: 3}
      propertyPath: m_LocalRotation.w
      value: 1
      objectReference: {fileID: 0}
    - target: {fileID: 4210577086663916902, guid: 631da4104a093304e8de046a05b1ea54, type: 3}
      propertyPath: m_LocalRotation.x
      value: 0
      objectReference: {fileID: 0}
    - target: {fileID: 4210577086663916902, guid: 631da4104a093304e8de046a05b1ea54, type: 3}
      propertyPath: m_LocalRotation.y
      value: 0
      objectReference: {fileID: 0}
    - target: {fileID: 4210577086663916902, guid: 631da4104a093304e8de046a05b1ea54, type: 3}
      propertyPath: m_LocalRotation.z
      value: 0
      objectReference: {fileID: 0}
    - target: {fileID: 4210577086663916902, guid: 631da4104a093304e8de046a05b1ea54, type: 3}
      propertyPath: m_LocalEulerAnglesHint.x
      value: 0
      objectReference: {fileID: 0}
    - target: {fileID: 4210577086663916902, guid: 631da4104a093304e8de046a05b1ea54, type: 3}
      propertyPath: m_LocalEulerAnglesHint.y
      value: 0
      objectReference: {fileID: 0}
    - target: {fileID: 4210577086663916902, guid: 631da4104a093304e8de046a05b1ea54, type: 3}
      propertyPath: m_LocalEulerAnglesHint.z
      value: 0
      objectReference: {fileID: 0}
    - target: {fileID: 4494708785776417127, guid: 631da4104a093304e8de046a05b1ea54, type: 3}
      propertyPath: value
      value: VALUES
      objectReference: {fileID: 0}
    - target: {fileID: 4494708785776417127, guid: 631da4104a093304e8de046a05b1ea54, type: 3}
      propertyPath: layer.m_Bits
      value: 128
      objectReference: {fileID: 0}
    - target: {fileID: 6382816088064579074, guid: 631da4104a093304e8de046a05b1ea54, type: 3}
      propertyPath: m_AnchoredPosition.x
      value: -0.049804688
      objectReference: {fileID: 0}
    - target: {fileID: 6382816088064579074, guid: 631da4104a093304e8de046a05b1ea54, type: 3}
      propertyPath: m_AnchoredPosition.y
      value: -0.024963379
      objectReference: {fileID: 0}
    m_RemovedComponents: []
  m_SourcePrefab: {fileID: 100100000, guid: 631da4104a093304e8de046a05b1ea54, type: 3}
--- !u!4 &5417917624961296833 stripped
Transform:
  m_CorrespondingSourceObject: {fileID: 4210577086663916902, guid: 631da4104a093304e8de046a05b1ea54, type: 3}
  m_PrefabInstance: {fileID: 8169167790849463463}
  m_PrefabAsset: {fileID: 0}
--- !u!1001 &8169167790890664165
PrefabInstance:
  m_ObjectHideFlags: 0
  serializedVersion: 2
  m_Modification:
    m_TransformParent: {fileID: 8169167791084466189}
    m_Modifications:
    - target: {fileID: 2586105155488779937, guid: 631da4104a093304e8de046a05b1ea54, type: 3}
      propertyPath: m_Text
      value: SELECT
      objectReference: {fileID: 0}
    - target: {fileID: 4210577086663916900, guid: 631da4104a093304e8de046a05b1ea54, type: 3}
      propertyPath: m_Name
      value: SQL Query Fragment.8
      objectReference: {fileID: 0}
    - target: {fileID: 4210577086663916902, guid: 631da4104a093304e8de046a05b1ea54, type: 3}
      propertyPath: m_RootOrder
      value: 6
      objectReference: {fileID: 0}
    - target: {fileID: 4210577086663916902, guid: 631da4104a093304e8de046a05b1ea54, type: 3}
      propertyPath: m_LocalPosition.x
      value: -0.94
      objectReference: {fileID: 0}
    - target: {fileID: 4210577086663916902, guid: 631da4104a093304e8de046a05b1ea54, type: 3}
      propertyPath: m_LocalPosition.y
      value: 2.59
      objectReference: {fileID: 0}
    - target: {fileID: 4210577086663916902, guid: 631da4104a093304e8de046a05b1ea54, type: 3}
      propertyPath: m_LocalPosition.z
      value: 0
      objectReference: {fileID: 0}
    - target: {fileID: 4210577086663916902, guid: 631da4104a093304e8de046a05b1ea54, type: 3}
      propertyPath: m_LocalRotation.w
      value: 1
      objectReference: {fileID: 0}
    - target: {fileID: 4210577086663916902, guid: 631da4104a093304e8de046a05b1ea54, type: 3}
      propertyPath: m_LocalRotation.x
      value: 0
      objectReference: {fileID: 0}
    - target: {fileID: 4210577086663916902, guid: 631da4104a093304e8de046a05b1ea54, type: 3}
      propertyPath: m_LocalRotation.y
      value: 0
      objectReference: {fileID: 0}
    - target: {fileID: 4210577086663916902, guid: 631da4104a093304e8de046a05b1ea54, type: 3}
      propertyPath: m_LocalRotation.z
      value: 0
      objectReference: {fileID: 0}
    - target: {fileID: 4210577086663916902, guid: 631da4104a093304e8de046a05b1ea54, type: 3}
      propertyPath: m_LocalEulerAnglesHint.x
      value: 0
      objectReference: {fileID: 0}
    - target: {fileID: 4210577086663916902, guid: 631da4104a093304e8de046a05b1ea54, type: 3}
      propertyPath: m_LocalEulerAnglesHint.y
      value: 0
      objectReference: {fileID: 0}
    - target: {fileID: 4210577086663916902, guid: 631da4104a093304e8de046a05b1ea54, type: 3}
      propertyPath: m_LocalEulerAnglesHint.z
      value: 0
      objectReference: {fileID: 0}
    - target: {fileID: 4494708785776417127, guid: 631da4104a093304e8de046a05b1ea54, type: 3}
      propertyPath: value
      value: "'\u0421\u043E\u0447\u0438',"
      objectReference: {fileID: 0}
    - target: {fileID: 4494708785776417127, guid: 631da4104a093304e8de046a05b1ea54, type: 3}
      propertyPath: layer.m_Bits
      value: 128
      objectReference: {fileID: 0}
    - target: {fileID: 6382816088064579074, guid: 631da4104a093304e8de046a05b1ea54, type: 3}
      propertyPath: m_AnchoredPosition.x
      value: -0.049804688
      objectReference: {fileID: 0}
    - target: {fileID: 6382816088064579074, guid: 631da4104a093304e8de046a05b1ea54, type: 3}
      propertyPath: m_AnchoredPosition.y
      value: -0.024963379
      objectReference: {fileID: 0}
    m_RemovedComponents: []
  m_SourcePrefab: {fileID: 100100000, guid: 631da4104a093304e8de046a05b1ea54, type: 3}
--- !u!4 &5417917624935366019 stripped
Transform:
  m_CorrespondingSourceObject: {fileID: 4210577086663916902, guid: 631da4104a093304e8de046a05b1ea54, type: 3}
  m_PrefabInstance: {fileID: 8169167790890664165}
  m_PrefabAsset: {fileID: 0}
