%YAML 1.1
%TAG !u! tag:unity3d.com,2011:
--- !u!1 &3720197544045724012
GameObject:
  m_ObjectHideFlags: 0
  m_CorrespondingSourceObject: {fileID: 0}
  m_PrefabInstance: {fileID: 0}
  m_PrefabAsset: {fileID: 0}
  serializedVersion: 6
  m_Component:
  - component: {fileID: 3720197544045724015}
  - component: {fileID: 7813745718971531784}
  m_Layer: 0
  m_Name: SQL Query.7
  m_TagString: Untagged
  m_Icon: {fileID: 0}
  m_NavMeshLayer: 0
  m_StaticEditorFlags: 0
  m_IsActive: 1
--- !u!4 &3720197544045724015
Transform:
  m_ObjectHideFlags: 0
  m_CorrespondingSourceObject: {fileID: 0}
  m_PrefabInstance: {fileID: 0}
  m_PrefabAsset: {fileID: 0}
  m_GameObject: {fileID: 3720197544045724012}
  m_LocalRotation: {x: 0, y: 0, z: 0, w: 1}
  m_LocalPosition: {x: 0, y: 0, z: 0}
  m_LocalScale: {x: 1, y: 1, z: 1}
  m_Children:
  - {fileID: 6180332485168219391}
  - {fileID: 8492114498570524579}
  m_Father: {fileID: 0}
  m_RootOrder: 0
  m_LocalEulerAnglesHint: {x: 0, y: 0, z: 0}
--- !u!114 &7813745718971531784
MonoBehaviour:
  m_ObjectHideFlags: 0
  m_CorrespondingSourceObject: {fileID: 0}
  m_PrefabInstance: {fileID: 0}
  m_PrefabAsset: {fileID: 0}
  m_GameObject: {fileID: 3720197544045724012}
  m_Enabled: 1
  m_EditorHideFlags: 0
  m_Script: {fileID: 11500000, guid: 89dec3782c9b36f47b544cb72cb6947a, type: 3}
  m_Name: 
  m_EditorClassIdentifier: 
--- !u!1 &6180332485168219390
GameObject:
  m_ObjectHideFlags: 0
  m_CorrespondingSourceObject: {fileID: 0}
  m_PrefabInstance: {fileID: 0}
  m_PrefabAsset: {fileID: 0}
  serializedVersion: 6
  m_Component:
  - component: {fileID: 6180332485168219391}
  m_Layer: 0
  m_Name: Group Fragment Places 7
  m_TagString: Untagged
  m_Icon: {fileID: 0}
  m_NavMeshLayer: 0
  m_StaticEditorFlags: 0
  m_IsActive: 1
--- !u!4 &6180332485168219391
Transform:
  m_ObjectHideFlags: 0
  m_CorrespondingSourceObject: {fileID: 0}
  m_PrefabInstance: {fileID: 0}
  m_PrefabAsset: {fileID: 0}
  m_GameObject: {fileID: 6180332485168219390}
  m_LocalRotation: {x: -0, y: -0, z: -0, w: 1}
  m_LocalPosition: {x: -0.3888893, y: -0.75, z: 10}
  m_LocalScale: {x: 1, y: 1, z: 1}
  m_Children:
  - {fileID: 6180332485415122117}
  - {fileID: 6180332485372969820}
  - {fileID: 6180332485181797057}
  m_Father: {fileID: 3720197544045724015}
  m_RootOrder: 0
  m_LocalEulerAnglesHint: {x: 0, y: 0, z: 0}
--- !u!1 &6180332485181797056
GameObject:
  m_ObjectHideFlags: 0
  m_CorrespondingSourceObject: {fileID: 0}
  m_PrefabInstance: {fileID: 0}
  m_PrefabAsset: {fileID: 0}
  serializedVersion: 6
  m_Component:
  - component: {fileID: 6180332485181797057}
  m_Layer: 0
  m_Name: Line.3
  m_TagString: Untagged
  m_Icon: {fileID: 0}
  m_NavMeshLayer: 0
  m_StaticEditorFlags: 0
  m_IsActive: 1
--- !u!4 &6180332485181797057
Transform:
  m_ObjectHideFlags: 0
  m_CorrespondingSourceObject: {fileID: 0}
  m_PrefabInstance: {fileID: 0}
  m_PrefabAsset: {fileID: 0}
  m_GameObject: {fileID: 6180332485181797056}
  m_LocalRotation: {x: 0, y: 0, z: 0, w: 1}
  m_LocalPosition: {x: 0, y: -1, z: 0}
  m_LocalScale: {x: 1, y: 1, z: 1}
  m_Children:
  - {fileID: 8046254867188015043}
  - {fileID: 8046254867524536053}
  - {fileID: 8046254867392883974}
  - {fileID: 8046254866376259979}
  m_Father: {fileID: 6180332485168219391}
  m_RootOrder: 2
  m_LocalEulerAnglesHint: {x: 0, y: 0, z: 0}
--- !u!1 &6180332485372969823
GameObject:
  m_ObjectHideFlags: 0
  m_CorrespondingSourceObject: {fileID: 0}
  m_PrefabInstance: {fileID: 0}
  m_PrefabAsset: {fileID: 0}
  serializedVersion: 6
  m_Component:
  - component: {fileID: 6180332485372969820}
  m_Layer: 0
  m_Name: Line.2
  m_TagString: Untagged
  m_Icon: {fileID: 0}
  m_NavMeshLayer: 0
  m_StaticEditorFlags: 0
  m_IsActive: 1
--- !u!4 &6180332485372969820
Transform:
  m_ObjectHideFlags: 0
  m_CorrespondingSourceObject: {fileID: 0}
  m_PrefabInstance: {fileID: 0}
  m_PrefabAsset: {fileID: 0}
  m_GameObject: {fileID: 6180332485372969823}
  m_LocalRotation: {x: 0, y: 0, z: 0, w: 1}
  m_LocalPosition: {x: 0, y: -0.5, z: 0}
  m_LocalScale: {x: 1, y: 1, z: 1}
  m_Children:
  - {fileID: 8046254867407620555}
  - {fileID: 8046254866674313624}
  - {fileID: 8046254867668008406}
  - {fileID: 2962919898150448541}
  m_Father: {fileID: 6180332485168219391}
  m_RootOrder: 1
  m_LocalEulerAnglesHint: {x: 0, y: 0, z: 0}
--- !u!1 &6180332485415122116
GameObject:
  m_ObjectHideFlags: 0
  m_CorrespondingSourceObject: {fileID: 0}
  m_PrefabInstance: {fileID: 0}
  m_PrefabAsset: {fileID: 0}
  serializedVersion: 6
  m_Component:
  - component: {fileID: 6180332485415122117}
  m_Layer: 0
  m_Name: Line.1
  m_TagString: Untagged
  m_Icon: {fileID: 0}
  m_NavMeshLayer: 0
  m_StaticEditorFlags: 0
  m_IsActive: 1
--- !u!4 &6180332485415122117
Transform:
  m_ObjectHideFlags: 0
  m_CorrespondingSourceObject: {fileID: 0}
  m_PrefabInstance: {fileID: 0}
  m_PrefabAsset: {fileID: 0}
  m_GameObject: {fileID: 6180332485415122116}
  m_LocalRotation: {x: 0, y: 0, z: 0, w: 1}
  m_LocalPosition: {x: 0, y: 0, z: 0}
  m_LocalScale: {x: 1, y: 1, z: 1}
  m_Children:
  - {fileID: 8046254868116940383}
  - {fileID: 8046254867491508078}
  - {fileID: 2962919896702201616}
  m_Father: {fileID: 6180332485168219391}
  m_RootOrder: 0
  m_LocalEulerAnglesHint: {x: 0, y: 0, z: 0}
--- !u!1 &8492114498570524578
GameObject:
  m_ObjectHideFlags: 0
  m_CorrespondingSourceObject: {fileID: 0}
  m_PrefabInstance: {fileID: 0}
  m_PrefabAsset: {fileID: 0}
  serializedVersion: 6
  m_Component:
  - component: {fileID: 8492114498570524579}
  m_Layer: 0
  m_Name: Group Fragments 7
  m_TagString: Untagged
  m_Icon: {fileID: 0}
  m_NavMeshLayer: 0
  m_StaticEditorFlags: 0
  m_IsActive: 1
--- !u!4 &8492114498570524579
Transform:
  m_ObjectHideFlags: 0
  m_CorrespondingSourceObject: {fileID: 0}
  m_PrefabInstance: {fileID: 0}
  m_PrefabAsset: {fileID: 0}
  m_GameObject: {fileID: 8492114498570524578}
  m_LocalRotation: {x: -0, y: -0, z: -0, w: 1}
  m_LocalPosition: {x: -6.08889, y: 0, z: 10}
  m_LocalScale: {x: 1, y: 1, z: 1}
  m_Children:
  - {fileID: 5743484434787963902}
  - {fileID: 5743484434600434128}
  - {fileID: 5743484435448432449}
  - {fileID: 5743484434296737391}
  - {fileID: 5743484434876778596}
  - {fileID: 5743484434904607936}
  - {fileID: 5743484434267691565}
  - {fileID: 6388415011751891751}
  - {fileID: 6388415012961448340}
  - {fileID: 6388415012226140386}
  - {fileID: 6388415011693749199}
  - {fileID: 6388415013182052474}
  - {fileID: 6388415011477010592}
  - {fileID: 6388415012001949492}
  m_Father: {fileID: 3720197544045724015}
  m_RootOrder: 1
  m_LocalEulerAnglesHint: {x: 0, y: 0, z: 0}
--- !u!1001 &1400793755008586358
PrefabInstance:
  m_ObjectHideFlags: 0
  serializedVersion: 2
  m_Modification:
    m_TransformParent: {fileID: 6180332485415122117}
    m_Modifications:
    - target: {fileID: 4210577086663916900, guid: a7c6214e033adc94c99d522bf45881c5, type: 3}
      propertyPath: m_Name
      value: SQL Query Fragment Place
      objectReference: {fileID: 0}
    - target: {fileID: 4210577086663916902, guid: a7c6214e033adc94c99d522bf45881c5, type: 3}
      propertyPath: m_RootOrder
      value: 2
      objectReference: {fileID: 0}
    - target: {fileID: 4210577086663916902, guid: a7c6214e033adc94c99d522bf45881c5, type: 3}
      propertyPath: m_LocalPosition.x
      value: 0.8000002
      objectReference: {fileID: 0}
    - target: {fileID: 4210577086663916902, guid: a7c6214e033adc94c99d522bf45881c5, type: 3}
      propertyPath: m_LocalPosition.y
      value: 2.7799997
      objectReference: {fileID: 0}
    - target: {fileID: 4210577086663916902, guid: a7c6214e033adc94c99d522bf45881c5, type: 3}
      propertyPath: m_LocalPosition.z
      value: 0
      objectReference: {fileID: 0}
    - target: {fileID: 4210577086663916902, guid: a7c6214e033adc94c99d522bf45881c5, type: 3}
      propertyPath: m_LocalRotation.w
      value: 1
      objectReference: {fileID: 0}
    - target: {fileID: 4210577086663916902, guid: a7c6214e033adc94c99d522bf45881c5, type: 3}
      propertyPath: m_LocalRotation.x
      value: -0
      objectReference: {fileID: 0}
    - target: {fileID: 4210577086663916902, guid: a7c6214e033adc94c99d522bf45881c5, type: 3}
      propertyPath: m_LocalRotation.y
      value: -0
      objectReference: {fileID: 0}
    - target: {fileID: 4210577086663916902, guid: a7c6214e033adc94c99d522bf45881c5, type: 3}
      propertyPath: m_LocalRotation.z
      value: -0
      objectReference: {fileID: 0}
    - target: {fileID: 4210577086663916902, guid: a7c6214e033adc94c99d522bf45881c5, type: 3}
      propertyPath: m_LocalEulerAnglesHint.x
      value: 0
      objectReference: {fileID: 0}
    - target: {fileID: 4210577086663916902, guid: a7c6214e033adc94c99d522bf45881c5, type: 3}
      propertyPath: m_LocalEulerAnglesHint.y
      value: 0
      objectReference: {fileID: 0}
    - target: {fileID: 4210577086663916902, guid: a7c6214e033adc94c99d522bf45881c5, type: 3}
      propertyPath: m_LocalEulerAnglesHint.z
      value: 0
      objectReference: {fileID: 0}
    m_RemovedComponents: []
  m_SourcePrefab: {fileID: 100100000, guid: a7c6214e033adc94c99d522bf45881c5, type: 3}
--- !u!4 &2962919896702201616 stripped
Transform:
  m_CorrespondingSourceObject: {fileID: 4210577086663916902, guid: a7c6214e033adc94c99d522bf45881c5, type: 3}
  m_PrefabInstance: {fileID: 1400793755008586358}
  m_PrefabAsset: {fileID: 0}
--- !u!1001 &1400793755718635771
PrefabInstance:
  m_ObjectHideFlags: 0
  serializedVersion: 2
  m_Modification:
    m_TransformParent: {fileID: 6180332485372969820}
    m_Modifications:
    - target: {fileID: 4210577086663916900, guid: a7c6214e033adc94c99d522bf45881c5, type: 3}
      propertyPath: m_Name
      value: SQL Query Fragment Place
      objectReference: {fileID: 0}
    - target: {fileID: 4210577086663916902, guid: a7c6214e033adc94c99d522bf45881c5, type: 3}
      propertyPath: m_RootOrder
      value: 3
      objectReference: {fileID: 0}
    - target: {fileID: 4210577086663916902, guid: a7c6214e033adc94c99d522bf45881c5, type: 3}
      propertyPath: m_LocalPosition.x
      value: 2.5
      objectReference: {fileID: 0}
    - target: {fileID: 4210577086663916902, guid: a7c6214e033adc94c99d522bf45881c5, type: 3}
      propertyPath: m_LocalPosition.y
      value: 2.7799997
      objectReference: {fileID: 0}
    - target: {fileID: 4210577086663916902, guid: a7c6214e033adc94c99d522bf45881c5, type: 3}
      propertyPath: m_LocalPosition.z
      value: 0
      objectReference: {fileID: 0}
    - target: {fileID: 4210577086663916902, guid: a7c6214e033adc94c99d522bf45881c5, type: 3}
      propertyPath: m_LocalRotation.w
      value: 1
      objectReference: {fileID: 0}
    - target: {fileID: 4210577086663916902, guid: a7c6214e033adc94c99d522bf45881c5, type: 3}
      propertyPath: m_LocalRotation.x
      value: -0
      objectReference: {fileID: 0}
    - target: {fileID: 4210577086663916902, guid: a7c6214e033adc94c99d522bf45881c5, type: 3}
      propertyPath: m_LocalRotation.y
      value: -0
      objectReference: {fileID: 0}
    - target: {fileID: 4210577086663916902, guid: a7c6214e033adc94c99d522bf45881c5, type: 3}
      propertyPath: m_LocalRotation.z
      value: -0
      objectReference: {fileID: 0}
    - target: {fileID: 4210577086663916902, guid: a7c6214e033adc94c99d522bf45881c5, type: 3}
      propertyPath: m_LocalEulerAnglesHint.x
      value: 0
      objectReference: {fileID: 0}
    - target: {fileID: 4210577086663916902, guid: a7c6214e033adc94c99d522bf45881c5, type: 3}
      propertyPath: m_LocalEulerAnglesHint.y
      value: 0
      objectReference: {fileID: 0}
    - target: {fileID: 4210577086663916902, guid: a7c6214e033adc94c99d522bf45881c5, type: 3}
      propertyPath: m_LocalEulerAnglesHint.z
      value: 0
      objectReference: {fileID: 0}
    m_RemovedComponents: []
  m_SourcePrefab: {fileID: 100100000, guid: a7c6214e033adc94c99d522bf45881c5, type: 3}
--- !u!4 &2962919898150448541 stripped
Transform:
  m_CorrespondingSourceObject: {fileID: 4210577086663916902, guid: a7c6214e033adc94c99d522bf45881c5, type: 3}
  m_PrefabInstance: {fileID: 1400793755718635771}
  m_PrefabAsset: {fileID: 0}
--- !u!1001 &6180332485180629669
PrefabInstance:
  m_ObjectHideFlags: 0
  serializedVersion: 2
  m_Modification:
    m_TransformParent: {fileID: 6180332485181797057}
    m_Modifications:
    - target: {fileID: 4210577086663916900, guid: a7c6214e033adc94c99d522bf45881c5, type: 3}
      propertyPath: m_Name
      value: SQL Query Fragment Place
      objectReference: {fileID: 0}
    - target: {fileID: 4210577086663916902, guid: a7c6214e033adc94c99d522bf45881c5, type: 3}
      propertyPath: m_RootOrder
      value: 0
      objectReference: {fileID: 0}
    - target: {fileID: 4210577086663916902, guid: a7c6214e033adc94c99d522bf45881c5, type: 3}
      propertyPath: m_LocalPosition.x
      value: -2.6000004
      objectReference: {fileID: 0}
    - target: {fileID: 4210577086663916902, guid: a7c6214e033adc94c99d522bf45881c5, type: 3}
      propertyPath: m_LocalPosition.y
      value: 2.7799997
      objectReference: {fileID: 0}
    - target: {fileID: 4210577086663916902, guid: a7c6214e033adc94c99d522bf45881c5, type: 3}
      propertyPath: m_LocalPosition.z
      value: 0
      objectReference: {fileID: 0}
    - target: {fileID: 4210577086663916902, guid: a7c6214e033adc94c99d522bf45881c5, type: 3}
      propertyPath: m_LocalRotation.w
      value: 1
      objectReference: {fileID: 0}
    - target: {fileID: 4210577086663916902, guid: a7c6214e033adc94c99d522bf45881c5, type: 3}
      propertyPath: m_LocalRotation.x
      value: -0
      objectReference: {fileID: 0}
    - target: {fileID: 4210577086663916902, guid: a7c6214e033adc94c99d522bf45881c5, type: 3}
      propertyPath: m_LocalRotation.y
      value: -0
      objectReference: {fileID: 0}
    - target: {fileID: 4210577086663916902, guid: a7c6214e033adc94c99d522bf45881c5, type: 3}
      propertyPath: m_LocalRotation.z
      value: -0
      objectReference: {fileID: 0}
    - target: {fileID: 4210577086663916902, guid: a7c6214e033adc94c99d522bf45881c5, type: 3}
      propertyPath: m_LocalEulerAnglesHint.x
      value: 0
      objectReference: {fileID: 0}
    - target: {fileID: 4210577086663916902, guid: a7c6214e033adc94c99d522bf45881c5, type: 3}
      propertyPath: m_LocalEulerAnglesHint.y
      value: 0
      objectReference: {fileID: 0}
    - target: {fileID: 4210577086663916902, guid: a7c6214e033adc94c99d522bf45881c5, type: 3}
      propertyPath: m_LocalEulerAnglesHint.z
      value: 0
      objectReference: {fileID: 0}
    m_RemovedComponents: []
  m_SourcePrefab: {fileID: 100100000, guid: a7c6214e033adc94c99d522bf45881c5, type: 3}
--- !u!4 &8046254867188015043 stripped
Transform:
  m_CorrespondingSourceObject: {fileID: 4210577086663916902, guid: a7c6214e033adc94c99d522bf45881c5, type: 3}
  m_PrefabInstance: {fileID: 6180332485180629669}
  m_PrefabAsset: {fileID: 0}
--- !u!1001 &6180332485673555198
PrefabInstance:
  m_ObjectHideFlags: 0
  serializedVersion: 2
  m_Modification:
    m_TransformParent: {fileID: 6180332485372969820}
    m_Modifications:
    - target: {fileID: 4210577086663916900, guid: a7c6214e033adc94c99d522bf45881c5, type: 3}
      propertyPath: m_Name
      value: SQL Query Fragment Place
      objectReference: {fileID: 0}
    - target: {fileID: 4210577086663916902, guid: a7c6214e033adc94c99d522bf45881c5, type: 3}
      propertyPath: m_RootOrder
      value: 1
      objectReference: {fileID: 0}
    - target: {fileID: 4210577086663916902, guid: a7c6214e033adc94c99d522bf45881c5, type: 3}
      propertyPath: m_LocalPosition.x
      value: -0.8999996
      objectReference: {fileID: 0}
    - target: {fileID: 4210577086663916902, guid: a7c6214e033adc94c99d522bf45881c5, type: 3}
      propertyPath: m_LocalPosition.y
      value: 2.7799997
      objectReference: {fileID: 0}
    - target: {fileID: 4210577086663916902, guid: a7c6214e033adc94c99d522bf45881c5, type: 3}
      propertyPath: m_LocalPosition.z
      value: 0
      objectReference: {fileID: 0}
    - target: {fileID: 4210577086663916902, guid: a7c6214e033adc94c99d522bf45881c5, type: 3}
      propertyPath: m_LocalRotation.w
      value: 1
      objectReference: {fileID: 0}
    - target: {fileID: 4210577086663916902, guid: a7c6214e033adc94c99d522bf45881c5, type: 3}
      propertyPath: m_LocalRotation.x
      value: -0
      objectReference: {fileID: 0}
    - target: {fileID: 4210577086663916902, guid: a7c6214e033adc94c99d522bf45881c5, type: 3}
      propertyPath: m_LocalRotation.y
      value: -0
      objectReference: {fileID: 0}
    - target: {fileID: 4210577086663916902, guid: a7c6214e033adc94c99d522bf45881c5, type: 3}
      propertyPath: m_LocalRotation.z
      value: -0
      objectReference: {fileID: 0}
    - target: {fileID: 4210577086663916902, guid: a7c6214e033adc94c99d522bf45881c5, type: 3}
      propertyPath: m_LocalEulerAnglesHint.x
      value: 0
      objectReference: {fileID: 0}
    - target: {fileID: 4210577086663916902, guid: a7c6214e033adc94c99d522bf45881c5, type: 3}
      propertyPath: m_LocalEulerAnglesHint.y
      value: 0
      objectReference: {fileID: 0}
    - target: {fileID: 4210577086663916902, guid: a7c6214e033adc94c99d522bf45881c5, type: 3}
      propertyPath: m_LocalEulerAnglesHint.z
      value: 0
      objectReference: {fileID: 0}
    m_RemovedComponents: []
  m_SourcePrefab: {fileID: 100100000, guid: a7c6214e033adc94c99d522bf45881c5, type: 3}
--- !u!4 &8046254866674313624 stripped
Transform:
  m_CorrespondingSourceObject: {fileID: 4210577086663916902, guid: a7c6214e033adc94c99d522bf45881c5, type: 3}
  m_PrefabInstance: {fileID: 6180332485673555198}
  m_PrefabAsset: {fileID: 0}
--- !u!1001 &6180332485979473133
PrefabInstance:
  m_ObjectHideFlags: 0
  serializedVersion: 2
  m_Modification:
    m_TransformParent: {fileID: 6180332485181797057}
    m_Modifications:
    - target: {fileID: 4210577086663916900, guid: a7c6214e033adc94c99d522bf45881c5, type: 3}
      propertyPath: m_Name
      value: SQL Query Fragment Place
      objectReference: {fileID: 0}
    - target: {fileID: 4210577086663916902, guid: a7c6214e033adc94c99d522bf45881c5, type: 3}
      propertyPath: m_RootOrder
      value: 3
      objectReference: {fileID: 0}
    - target: {fileID: 4210577086663916902, guid: a7c6214e033adc94c99d522bf45881c5, type: 3}
      propertyPath: m_LocalPosition.x
      value: 2.5
      objectReference: {fileID: 0}
    - target: {fileID: 4210577086663916902, guid: a7c6214e033adc94c99d522bf45881c5, type: 3}
      propertyPath: m_LocalPosition.y
      value: 2.7799997
      objectReference: {fileID: 0}
    - target: {fileID: 4210577086663916902, guid: a7c6214e033adc94c99d522bf45881c5, type: 3}
      propertyPath: m_LocalPosition.z
      value: 0
      objectReference: {fileID: 0}
    - target: {fileID: 4210577086663916902, guid: a7c6214e033adc94c99d522bf45881c5, type: 3}
      propertyPath: m_LocalRotation.w
      value: 1
      objectReference: {fileID: 0}
    - target: {fileID: 4210577086663916902, guid: a7c6214e033adc94c99d522bf45881c5, type: 3}
      propertyPath: m_LocalRotation.x
      value: -0
      objectReference: {fileID: 0}
    - target: {fileID: 4210577086663916902, guid: a7c6214e033adc94c99d522bf45881c5, type: 3}
      propertyPath: m_LocalRotation.y
      value: -0
      objectReference: {fileID: 0}
    - target: {fileID: 4210577086663916902, guid: a7c6214e033adc94c99d522bf45881c5, type: 3}
      propertyPath: m_LocalRotation.z
      value: -0
      objectReference: {fileID: 0}
    - target: {fileID: 4210577086663916902, guid: a7c6214e033adc94c99d522bf45881c5, type: 3}
      propertyPath: m_LocalEulerAnglesHint.x
      value: 0
      objectReference: {fileID: 0}
    - target: {fileID: 4210577086663916902, guid: a7c6214e033adc94c99d522bf45881c5, type: 3}
      propertyPath: m_LocalEulerAnglesHint.y
      value: 0
      objectReference: {fileID: 0}
    - target: {fileID: 4210577086663916902, guid: a7c6214e033adc94c99d522bf45881c5, type: 3}
      propertyPath: m_LocalEulerAnglesHint.z
      value: 0
      objectReference: {fileID: 0}
    m_RemovedComponents: []
  m_SourcePrefab: {fileID: 100100000, guid: a7c6214e033adc94c99d522bf45881c5, type: 3}
--- !u!4 &8046254866376259979 stripped
Transform:
  m_CorrespondingSourceObject: {fileID: 4210577086663916902, guid: a7c6214e033adc94c99d522bf45881c5, type: 3}
  m_PrefabInstance: {fileID: 6180332485979473133}
  m_PrefabAsset: {fileID: 0}
--- !u!1001 &6180332486378019641
PrefabInstance:
  m_ObjectHideFlags: 0
  serializedVersion: 2
  m_Modification:
    m_TransformParent: {fileID: 6180332485415122117}
    m_Modifications:
    - target: {fileID: 4210577086663916900, guid: a7c6214e033adc94c99d522bf45881c5, type: 3}
      propertyPath: m_Name
      value: SQL Query Fragment Place
      objectReference: {fileID: 0}
    - target: {fileID: 4210577086663916902, guid: a7c6214e033adc94c99d522bf45881c5, type: 3}
      propertyPath: m_RootOrder
      value: 0
      objectReference: {fileID: 0}
    - target: {fileID: 4210577086663916902, guid: a7c6214e033adc94c99d522bf45881c5, type: 3}
      propertyPath: m_LocalPosition.x
      value: -2.6000004
      objectReference: {fileID: 0}
    - target: {fileID: 4210577086663916902, guid: a7c6214e033adc94c99d522bf45881c5, type: 3}
      propertyPath: m_LocalPosition.y
      value: 2.7799997
      objectReference: {fileID: 0}
    - target: {fileID: 4210577086663916902, guid: a7c6214e033adc94c99d522bf45881c5, type: 3}
      propertyPath: m_LocalPosition.z
      value: 0
      objectReference: {fileID: 0}
    - target: {fileID: 4210577086663916902, guid: a7c6214e033adc94c99d522bf45881c5, type: 3}
      propertyPath: m_LocalRotation.w
      value: 1
      objectReference: {fileID: 0}
    - target: {fileID: 4210577086663916902, guid: a7c6214e033adc94c99d522bf45881c5, type: 3}
      propertyPath: m_LocalRotation.x
      value: -0
      objectReference: {fileID: 0}
    - target: {fileID: 4210577086663916902, guid: a7c6214e033adc94c99d522bf45881c5, type: 3}
      propertyPath: m_LocalRotation.y
      value: -0
      objectReference: {fileID: 0}
    - target: {fileID: 4210577086663916902, guid: a7c6214e033adc94c99d522bf45881c5, type: 3}
      propertyPath: m_LocalRotation.z
      value: -0
      objectReference: {fileID: 0}
    - target: {fileID: 4210577086663916902, guid: a7c6214e033adc94c99d522bf45881c5, type: 3}
      propertyPath: m_LocalEulerAnglesHint.x
      value: 0
      objectReference: {fileID: 0}
    - target: {fileID: 4210577086663916902, guid: a7c6214e033adc94c99d522bf45881c5, type: 3}
      propertyPath: m_LocalEulerAnglesHint.y
      value: 0
      objectReference: {fileID: 0}
    - target: {fileID: 4210577086663916902, guid: a7c6214e033adc94c99d522bf45881c5, type: 3}
      propertyPath: m_LocalEulerAnglesHint.z
      value: 0
      objectReference: {fileID: 0}
    m_RemovedComponents: []
  m_SourcePrefab: {fileID: 100100000, guid: a7c6214e033adc94c99d522bf45881c5, type: 3}
--- !u!4 &8046254868116940383 stripped
Transform:
  m_CorrespondingSourceObject: {fileID: 4210577086663916902, guid: a7c6214e033adc94c99d522bf45881c5, type: 3}
  m_PrefabInstance: {fileID: 6180332486378019641}
  m_PrefabAsset: {fileID: 0}
--- !u!1001 &6180332486868566192
PrefabInstance:
  m_ObjectHideFlags: 0
  serializedVersion: 2
  m_Modification:
    m_TransformParent: {fileID: 6180332485372969820}
    m_Modifications:
    - target: {fileID: 4210577086663916900, guid: a7c6214e033adc94c99d522bf45881c5, type: 3}
      propertyPath: m_Name
      value: SQL Query Fragment Place
      objectReference: {fileID: 0}
    - target: {fileID: 4210577086663916902, guid: a7c6214e033adc94c99d522bf45881c5, type: 3}
      propertyPath: m_RootOrder
      value: 2
      objectReference: {fileID: 0}
    - target: {fileID: 4210577086663916902, guid: a7c6214e033adc94c99d522bf45881c5, type: 3}
      propertyPath: m_LocalPosition.x
      value: 0.8000002
      objectReference: {fileID: 0}
    - target: {fileID: 4210577086663916902, guid: a7c6214e033adc94c99d522bf45881c5, type: 3}
      propertyPath: m_LocalPosition.y
      value: 2.7799997
      objectReference: {fileID: 0}
    - target: {fileID: 4210577086663916902, guid: a7c6214e033adc94c99d522bf45881c5, type: 3}
      propertyPath: m_LocalPosition.z
      value: 0
      objectReference: {fileID: 0}
    - target: {fileID: 4210577086663916902, guid: a7c6214e033adc94c99d522bf45881c5, type: 3}
      propertyPath: m_LocalRotation.w
      value: 1
      objectReference: {fileID: 0}
    - target: {fileID: 4210577086663916902, guid: a7c6214e033adc94c99d522bf45881c5, type: 3}
      propertyPath: m_LocalRotation.x
      value: -0
      objectReference: {fileID: 0}
    - target: {fileID: 4210577086663916902, guid: a7c6214e033adc94c99d522bf45881c5, type: 3}
      propertyPath: m_LocalRotation.y
      value: -0
      objectReference: {fileID: 0}
    - target: {fileID: 4210577086663916902, guid: a7c6214e033adc94c99d522bf45881c5, type: 3}
      propertyPath: m_LocalRotation.z
      value: -0
      objectReference: {fileID: 0}
    - target: {fileID: 4210577086663916902, guid: a7c6214e033adc94c99d522bf45881c5, type: 3}
      propertyPath: m_LocalEulerAnglesHint.x
      value: 0
      objectReference: {fileID: 0}
    - target: {fileID: 4210577086663916902, guid: a7c6214e033adc94c99d522bf45881c5, type: 3}
      propertyPath: m_LocalEulerAnglesHint.y
      value: 0
      objectReference: {fileID: 0}
    - target: {fileID: 4210577086663916902, guid: a7c6214e033adc94c99d522bf45881c5, type: 3}
      propertyPath: m_LocalEulerAnglesHint.z
      value: 0
      objectReference: {fileID: 0}
    m_RemovedComponents: []
  m_SourcePrefab: {fileID: 100100000, guid: a7c6214e033adc94c99d522bf45881c5, type: 3}
--- !u!4 &8046254867668008406 stripped
Transform:
  m_CorrespondingSourceObject: {fileID: 4210577086663916902, guid: a7c6214e033adc94c99d522bf45881c5, type: 3}
  m_PrefabInstance: {fileID: 6180332486868566192}
  m_PrefabAsset: {fileID: 0}
--- !u!1001 &6180332486993558419
PrefabInstance:
  m_ObjectHideFlags: 0
  serializedVersion: 2
  m_Modification:
    m_TransformParent: {fileID: 6180332485181797057}
    m_Modifications:
    - target: {fileID: 4210577086663916900, guid: a7c6214e033adc94c99d522bf45881c5, type: 3}
      propertyPath: m_Name
      value: SQL Query Fragment Place
      objectReference: {fileID: 0}
    - target: {fileID: 4210577086663916902, guid: a7c6214e033adc94c99d522bf45881c5, type: 3}
      propertyPath: m_RootOrder
      value: 1
      objectReference: {fileID: 0}
    - target: {fileID: 4210577086663916902, guid: a7c6214e033adc94c99d522bf45881c5, type: 3}
      propertyPath: m_LocalPosition.x
      value: -0.8999996
      objectReference: {fileID: 0}
    - target: {fileID: 4210577086663916902, guid: a7c6214e033adc94c99d522bf45881c5, type: 3}
      propertyPath: m_LocalPosition.y
      value: 2.7799997
      objectReference: {fileID: 0}
    - target: {fileID: 4210577086663916902, guid: a7c6214e033adc94c99d522bf45881c5, type: 3}
      propertyPath: m_LocalPosition.z
      value: 0
      objectReference: {fileID: 0}
    - target: {fileID: 4210577086663916902, guid: a7c6214e033adc94c99d522bf45881c5, type: 3}
      propertyPath: m_LocalRotation.w
      value: 1
      objectReference: {fileID: 0}
    - target: {fileID: 4210577086663916902, guid: a7c6214e033adc94c99d522bf45881c5, type: 3}
      propertyPath: m_LocalRotation.x
      value: -0
      objectReference: {fileID: 0}
    - target: {fileID: 4210577086663916902, guid: a7c6214e033adc94c99d522bf45881c5, type: 3}
      propertyPath: m_LocalRotation.y
      value: -0
      objectReference: {fileID: 0}
    - target: {fileID: 4210577086663916902, guid: a7c6214e033adc94c99d522bf45881c5, type: 3}
      propertyPath: m_LocalRotation.z
      value: -0
      objectReference: {fileID: 0}
    - target: {fileID: 4210577086663916902, guid: a7c6214e033adc94c99d522bf45881c5, type: 3}
      propertyPath: m_LocalEulerAnglesHint.x
      value: 0
      objectReference: {fileID: 0}
    - target: {fileID: 4210577086663916902, guid: a7c6214e033adc94c99d522bf45881c5, type: 3}
      propertyPath: m_LocalEulerAnglesHint.y
      value: 0
      objectReference: {fileID: 0}
    - target: {fileID: 4210577086663916902, guid: a7c6214e033adc94c99d522bf45881c5, type: 3}
      propertyPath: m_LocalEulerAnglesHint.z
      value: 0
      objectReference: {fileID: 0}
    m_RemovedComponents: []
  m_SourcePrefab: {fileID: 100100000, guid: a7c6214e033adc94c99d522bf45881c5, type: 3}
--- !u!4 &8046254867524536053 stripped
Transform:
  m_CorrespondingSourceObject: {fileID: 4210577086663916902, guid: a7c6214e033adc94c99d522bf45881c5, type: 3}
  m_PrefabInstance: {fileID: 6180332486993558419}
  m_PrefabAsset: {fileID: 0}
--- !u!1001 &6180332487027634696
PrefabInstance:
  m_ObjectHideFlags: 0
  serializedVersion: 2
  m_Modification:
    m_TransformParent: {fileID: 6180332485415122117}
    m_Modifications:
    - target: {fileID: 4210577086663916900, guid: a7c6214e033adc94c99d522bf45881c5, type: 3}
      propertyPath: m_Name
      value: SQL Query Fragment Place
      objectReference: {fileID: 0}
    - target: {fileID: 4210577086663916902, guid: a7c6214e033adc94c99d522bf45881c5, type: 3}
      propertyPath: m_RootOrder
      value: 1
      objectReference: {fileID: 0}
    - target: {fileID: 4210577086663916902, guid: a7c6214e033adc94c99d522bf45881c5, type: 3}
      propertyPath: m_LocalPosition.x
      value: -0.8999996
      objectReference: {fileID: 0}
    - target: {fileID: 4210577086663916902, guid: a7c6214e033adc94c99d522bf45881c5, type: 3}
      propertyPath: m_LocalPosition.y
      value: 2.7799997
      objectReference: {fileID: 0}
    - target: {fileID: 4210577086663916902, guid: a7c6214e033adc94c99d522bf45881c5, type: 3}
      propertyPath: m_LocalPosition.z
      value: 0
      objectReference: {fileID: 0}
    - target: {fileID: 4210577086663916902, guid: a7c6214e033adc94c99d522bf45881c5, type: 3}
      propertyPath: m_LocalRotation.w
      value: 1
      objectReference: {fileID: 0}
    - target: {fileID: 4210577086663916902, guid: a7c6214e033adc94c99d522bf45881c5, type: 3}
      propertyPath: m_LocalRotation.x
      value: -0
      objectReference: {fileID: 0}
    - target: {fileID: 4210577086663916902, guid: a7c6214e033adc94c99d522bf45881c5, type: 3}
      propertyPath: m_LocalRotation.y
      value: -0
      objectReference: {fileID: 0}
    - target: {fileID: 4210577086663916902, guid: a7c6214e033adc94c99d522bf45881c5, type: 3}
      propertyPath: m_LocalRotation.z
      value: -0
      objectReference: {fileID: 0}
    - target: {fileID: 4210577086663916902, guid: a7c6214e033adc94c99d522bf45881c5, type: 3}
      propertyPath: m_LocalEulerAnglesHint.x
      value: 0
      objectReference: {fileID: 0}
    - target: {fileID: 4210577086663916902, guid: a7c6214e033adc94c99d522bf45881c5, type: 3}
      propertyPath: m_LocalEulerAnglesHint.y
      value: 0
      objectReference: {fileID: 0}
    - target: {fileID: 4210577086663916902, guid: a7c6214e033adc94c99d522bf45881c5, type: 3}
      propertyPath: m_LocalEulerAnglesHint.z
      value: 0
      objectReference: {fileID: 0}
    m_RemovedComponents: []
  m_SourcePrefab: {fileID: 100100000, guid: a7c6214e033adc94c99d522bf45881c5, type: 3}
--- !u!4 &8046254867491508078 stripped
Transform:
  m_CorrespondingSourceObject: {fileID: 4210577086663916902, guid: a7c6214e033adc94c99d522bf45881c5, type: 3}
  m_PrefabInstance: {fileID: 6180332487027634696}
  m_PrefabAsset: {fileID: 0}
--- !u!1001 &6180332487077967021
PrefabInstance:
  m_ObjectHideFlags: 0
  serializedVersion: 2
  m_Modification:
    m_TransformParent: {fileID: 6180332485372969820}
    m_Modifications:
    - target: {fileID: 4210577086663916900, guid: a7c6214e033adc94c99d522bf45881c5, type: 3}
      propertyPath: m_Name
      value: SQL Query Fragment Place
      objectReference: {fileID: 0}
    - target: {fileID: 4210577086663916902, guid: a7c6214e033adc94c99d522bf45881c5, type: 3}
      propertyPath: m_RootOrder
      value: 0
      objectReference: {fileID: 0}
    - target: {fileID: 4210577086663916902, guid: a7c6214e033adc94c99d522bf45881c5, type: 3}
      propertyPath: m_LocalPosition.x
      value: -2.6000004
      objectReference: {fileID: 0}
    - target: {fileID: 4210577086663916902, guid: a7c6214e033adc94c99d522bf45881c5, type: 3}
      propertyPath: m_LocalPosition.y
      value: 2.7799997
      objectReference: {fileID: 0}
    - target: {fileID: 4210577086663916902, guid: a7c6214e033adc94c99d522bf45881c5, type: 3}
      propertyPath: m_LocalPosition.z
      value: 0
      objectReference: {fileID: 0}
    - target: {fileID: 4210577086663916902, guid: a7c6214e033adc94c99d522bf45881c5, type: 3}
      propertyPath: m_LocalRotation.w
      value: 1
      objectReference: {fileID: 0}
    - target: {fileID: 4210577086663916902, guid: a7c6214e033adc94c99d522bf45881c5, type: 3}
      propertyPath: m_LocalRotation.x
      value: -0
      objectReference: {fileID: 0}
    - target: {fileID: 4210577086663916902, guid: a7c6214e033adc94c99d522bf45881c5, type: 3}
      propertyPath: m_LocalRotation.y
      value: -0
      objectReference: {fileID: 0}
    - target: {fileID: 4210577086663916902, guid: a7c6214e033adc94c99d522bf45881c5, type: 3}
      propertyPath: m_LocalRotation.z
      value: -0
      objectReference: {fileID: 0}
    - target: {fileID: 4210577086663916902, guid: a7c6214e033adc94c99d522bf45881c5, type: 3}
      propertyPath: m_LocalEulerAnglesHint.x
      value: 0
      objectReference: {fileID: 0}
    - target: {fileID: 4210577086663916902, guid: a7c6214e033adc94c99d522bf45881c5, type: 3}
      propertyPath: m_LocalEulerAnglesHint.y
      value: 0
      objectReference: {fileID: 0}
    - target: {fileID: 4210577086663916902, guid: a7c6214e033adc94c99d522bf45881c5, type: 3}
      propertyPath: m_LocalEulerAnglesHint.z
      value: 0
      objectReference: {fileID: 0}
    m_RemovedComponents: []
  m_SourcePrefab: {fileID: 100100000, guid: a7c6214e033adc94c99d522bf45881c5, type: 3}
--- !u!4 &8046254867407620555 stripped
Transform:
  m_CorrespondingSourceObject: {fileID: 4210577086663916902, guid: a7c6214e033adc94c99d522bf45881c5, type: 3}
  m_PrefabInstance: {fileID: 6180332487077967021}
  m_PrefabAsset: {fileID: 0}
--- !u!1001 &6180332487130320992
PrefabInstance:
  m_ObjectHideFlags: 0
  serializedVersion: 2
  m_Modification:
    m_TransformParent: {fileID: 6180332485181797057}
    m_Modifications:
    - target: {fileID: 4210577086663916900, guid: a7c6214e033adc94c99d522bf45881c5, type: 3}
      propertyPath: m_Name
      value: SQL Query Fragment Place
      objectReference: {fileID: 0}
    - target: {fileID: 4210577086663916902, guid: a7c6214e033adc94c99d522bf45881c5, type: 3}
      propertyPath: m_RootOrder
      value: 2
      objectReference: {fileID: 0}
    - target: {fileID: 4210577086663916902, guid: a7c6214e033adc94c99d522bf45881c5, type: 3}
      propertyPath: m_LocalPosition.x
      value: 0.8000002
      objectReference: {fileID: 0}
    - target: {fileID: 4210577086663916902, guid: a7c6214e033adc94c99d522bf45881c5, type: 3}
      propertyPath: m_LocalPosition.y
      value: 2.7799997
      objectReference: {fileID: 0}
    - target: {fileID: 4210577086663916902, guid: a7c6214e033adc94c99d522bf45881c5, type: 3}
      propertyPath: m_LocalPosition.z
      value: 0
      objectReference: {fileID: 0}
    - target: {fileID: 4210577086663916902, guid: a7c6214e033adc94c99d522bf45881c5, type: 3}
      propertyPath: m_LocalRotation.w
      value: 1
      objectReference: {fileID: 0}
    - target: {fileID: 4210577086663916902, guid: a7c6214e033adc94c99d522bf45881c5, type: 3}
      propertyPath: m_LocalRotation.x
      value: -0
      objectReference: {fileID: 0}
    - target: {fileID: 4210577086663916902, guid: a7c6214e033adc94c99d522bf45881c5, type: 3}
      propertyPath: m_LocalRotation.y
      value: -0
      objectReference: {fileID: 0}
    - target: {fileID: 4210577086663916902, guid: a7c6214e033adc94c99d522bf45881c5, type: 3}
      propertyPath: m_LocalRotation.z
      value: -0
      objectReference: {fileID: 0}
    - target: {fileID: 4210577086663916902, guid: a7c6214e033adc94c99d522bf45881c5, type: 3}
      propertyPath: m_LocalEulerAnglesHint.x
      value: 0
      objectReference: {fileID: 0}
    - target: {fileID: 4210577086663916902, guid: a7c6214e033adc94c99d522bf45881c5, type: 3}
      propertyPath: m_LocalEulerAnglesHint.y
      value: 0
      objectReference: {fileID: 0}
    - target: {fileID: 4210577086663916902, guid: a7c6214e033adc94c99d522bf45881c5, type: 3}
      propertyPath: m_LocalEulerAnglesHint.z
      value: 0
      objectReference: {fileID: 0}
    m_RemovedComponents: []
  m_SourcePrefab: {fileID: 100100000, guid: a7c6214e033adc94c99d522bf45881c5, type: 3}
--- !u!4 &8046254867392883974 stripped
Transform:
  m_CorrespondingSourceObject: {fileID: 4210577086663916902, guid: a7c6214e033adc94c99d522bf45881c5, type: 3}
  m_PrefabInstance: {fileID: 6180332487130320992}
  m_PrefabAsset: {fileID: 0}
--- !u!1001 &7117600656093050244
PrefabInstance:
  m_ObjectHideFlags: 0
  serializedVersion: 2
  m_Modification:
    m_TransformParent: {fileID: 8492114498570524579}
    m_Modifications:
    - target: {fileID: 2586105155488779937, guid: 631da4104a093304e8de046a05b1ea54, type: 3}
      propertyPath: m_Text
      value: SELECT
      objectReference: {fileID: 0}
    - target: {fileID: 4210577086663916900, guid: 631da4104a093304e8de046a05b1ea54, type: 3}
      propertyPath: m_Name
      value: SQL Query Fragment.11
      objectReference: {fileID: 0}
    - target: {fileID: 4210577086663916902, guid: 631da4104a093304e8de046a05b1ea54, type: 3}
      propertyPath: m_RootOrder
      value: 9
      objectReference: {fileID: 0}
    - target: {fileID: 4210577086663916902, guid: 631da4104a093304e8de046a05b1ea54, type: 3}
      propertyPath: m_LocalPosition.x
      value: -0.65
      objectReference: {fileID: 0}
    - target: {fileID: 4210577086663916902, guid: 631da4104a093304e8de046a05b1ea54, type: 3}
      propertyPath: m_LocalPosition.y
      value: 0.32
      objectReference: {fileID: 0}
    - target: {fileID: 4210577086663916902, guid: 631da4104a093304e8de046a05b1ea54, type: 3}
      propertyPath: m_LocalPosition.z
      value: 0
      objectReference: {fileID: 0}
    - target: {fileID: 4210577086663916902, guid: 631da4104a093304e8de046a05b1ea54, type: 3}
      propertyPath: m_LocalRotation.w
      value: 1
      objectReference: {fileID: 0}
    - target: {fileID: 4210577086663916902, guid: 631da4104a093304e8de046a05b1ea54, type: 3}
      propertyPath: m_LocalRotation.x
      value: 0
      objectReference: {fileID: 0}
    - target: {fileID: 4210577086663916902, guid: 631da4104a093304e8de046a05b1ea54, type: 3}
      propertyPath: m_LocalRotation.y
      value: 0
      objectReference: {fileID: 0}
    - target: {fileID: 4210577086663916902, guid: 631da4104a093304e8de046a05b1ea54, type: 3}
      propertyPath: m_LocalRotation.z
      value: 0
      objectReference: {fileID: 0}
    - target: {fileID: 4210577086663916902, guid: 631da4104a093304e8de046a05b1ea54, type: 3}
      propertyPath: m_LocalEulerAnglesHint.x
      value: 0
      objectReference: {fileID: 0}
    - target: {fileID: 4210577086663916902, guid: 631da4104a093304e8de046a05b1ea54, type: 3}
      propertyPath: m_LocalEulerAnglesHint.y
      value: 0
      objectReference: {fileID: 0}
    - target: {fileID: 4210577086663916902, guid: 631da4104a093304e8de046a05b1ea54, type: 3}
      propertyPath: m_LocalEulerAnglesHint.z
      value: 0
      objectReference: {fileID: 0}
    - target: {fileID: 4494708785776417127, guid: 631da4104a093304e8de046a05b1ea54, type: 3}
      propertyPath: value
      value: 59,
      objectReference: {fileID: 0}
    - target: {fileID: 4494708785776417127, guid: 631da4104a093304e8de046a05b1ea54, type: 3}
      propertyPath: layer.m_Bits
      value: 128
      objectReference: {fileID: 0}
    - target: {fileID: 6382816088064579074, guid: 631da4104a093304e8de046a05b1ea54, type: 3}
      propertyPath: m_AnchoredPosition.x
      value: -0.049804688
      objectReference: {fileID: 0}
    - target: {fileID: 6382816088064579074, guid: 631da4104a093304e8de046a05b1ea54, type: 3}
      propertyPath: m_AnchoredPosition.y
      value: -0.024963379
      objectReference: {fileID: 0}
    m_RemovedComponents: []
  m_SourcePrefab: {fileID: 100100000, guid: 631da4104a093304e8de046a05b1ea54, type: 3}
--- !u!4 &6388415012226140386 stripped
Transform:
  m_CorrespondingSourceObject: {fileID: 4210577086663916902, guid: 631da4104a093304e8de046a05b1ea54, type: 3}
  m_PrefabInstance: {fileID: 7117600656093050244}
  m_PrefabAsset: {fileID: 0}
--- !u!1001 &7117600656271497810
PrefabInstance:
  m_ObjectHideFlags: 0
  serializedVersion: 2
  m_Modification:
    m_TransformParent: {fileID: 8492114498570524579}
    m_Modifications:
    - target: {fileID: 2586105155488779937, guid: 631da4104a093304e8de046a05b1ea54, type: 3}
      propertyPath: m_Text
      value: SELECT
      objectReference: {fileID: 0}
    - target: {fileID: 4210577086663916900, guid: 631da4104a093304e8de046a05b1ea54, type: 3}
      propertyPath: m_Name
      value: SQL Query Fragment.15
      objectReference: {fileID: 0}
    - target: {fileID: 4210577086663916902, guid: 631da4104a093304e8de046a05b1ea54, type: 3}
      propertyPath: m_RootOrder
      value: 13
      objectReference: {fileID: 0}
    - target: {fileID: 4210577086663916902, guid: 631da4104a093304e8de046a05b1ea54, type: 3}
      propertyPath: m_LocalPosition.x
      value: -1.006
      objectReference: {fileID: 0}
    - target: {fileID: 4210577086663916902, guid: 631da4104a093304e8de046a05b1ea54, type: 3}
      propertyPath: m_LocalPosition.y
      value: 0.87
      objectReference: {fileID: 0}
    - target: {fileID: 4210577086663916902, guid: 631da4104a093304e8de046a05b1ea54, type: 3}
      propertyPath: m_LocalPosition.z
      value: 0
      objectReference: {fileID: 0}
    - target: {fileID: 4210577086663916902, guid: 631da4104a093304e8de046a05b1ea54, type: 3}
      propertyPath: m_LocalRotation.w
      value: 1
      objectReference: {fileID: 0}
    - target: {fileID: 4210577086663916902, guid: 631da4104a093304e8de046a05b1ea54, type: 3}
      propertyPath: m_LocalRotation.x
      value: 0
      objectReference: {fileID: 0}
    - target: {fileID: 4210577086663916902, guid: 631da4104a093304e8de046a05b1ea54, type: 3}
      propertyPath: m_LocalRotation.y
      value: 0
      objectReference: {fileID: 0}
    - target: {fileID: 4210577086663916902, guid: 631da4104a093304e8de046a05b1ea54, type: 3}
      propertyPath: m_LocalRotation.z
      value: 0
      objectReference: {fileID: 0}
    - target: {fileID: 4210577086663916902, guid: 631da4104a093304e8de046a05b1ea54, type: 3}
      propertyPath: m_LocalEulerAnglesHint.x
      value: 0
      objectReference: {fileID: 0}
    - target: {fileID: 4210577086663916902, guid: 631da4104a093304e8de046a05b1ea54, type: 3}
      propertyPath: m_LocalEulerAnglesHint.y
      value: 0
      objectReference: {fileID: 0}
    - target: {fileID: 4210577086663916902, guid: 631da4104a093304e8de046a05b1ea54, type: 3}
      propertyPath: m_LocalEulerAnglesHint.z
      value: 0
      objectReference: {fileID: 0}
    - target: {fileID: 4494708785776417127, guid: 631da4104a093304e8de046a05b1ea54, type: 3}
      propertyPath: value
      value: '''27578861'''
      objectReference: {fileID: 0}
    - target: {fileID: 4494708785776417127, guid: 631da4104a093304e8de046a05b1ea54, type: 3}
      propertyPath: layer.m_Bits
      value: 128
      objectReference: {fileID: 0}
    - target: {fileID: 6382816088064579074, guid: 631da4104a093304e8de046a05b1ea54, type: 3}
      propertyPath: m_AnchoredPosition.x
      value: -0.049804688
      objectReference: {fileID: 0}
    - target: {fileID: 6382816088064579074, guid: 631da4104a093304e8de046a05b1ea54, type: 3}
      propertyPath: m_AnchoredPosition.y
      value: -0.024963379
      objectReference: {fileID: 0}
    m_RemovedComponents: []
  m_SourcePrefab: {fileID: 100100000, guid: 631da4104a093304e8de046a05b1ea54, type: 3}
--- !u!4 &6388415012001949492 stripped
Transform:
  m_CorrespondingSourceObject: {fileID: 4210577086663916902, guid: 631da4104a093304e8de046a05b1ea54, type: 3}
  m_PrefabInstance: {fileID: 7117600656271497810}
  m_PrefabAsset: {fileID: 0}
--- !u!1001 &7117600656558321217
PrefabInstance:
  m_ObjectHideFlags: 0
  serializedVersion: 2
  m_Modification:
    m_TransformParent: {fileID: 8492114498570524579}
    m_Modifications:
    - target: {fileID: 2586105155488779937, guid: 631da4104a093304e8de046a05b1ea54, type: 3}
      propertyPath: m_Text
      value: SELECT
      objectReference: {fileID: 0}
    - target: {fileID: 4210577086663916900, guid: 631da4104a093304e8de046a05b1ea54, type: 3}
      propertyPath: m_Name
      value: SQL Query Fragment.9
      objectReference: {fileID: 0}
    - target: {fileID: 4210577086663916902, guid: 631da4104a093304e8de046a05b1ea54, type: 3}
      propertyPath: m_RootOrder
      value: 7
      objectReference: {fileID: 0}
    - target: {fileID: 4210577086663916902, guid: 631da4104a093304e8de046a05b1ea54, type: 3}
      propertyPath: m_LocalPosition.x
      value: -0.99
      objectReference: {fileID: 0}
    - target: {fileID: 4210577086663916902, guid: 631da4104a093304e8de046a05b1ea54, type: 3}
      propertyPath: m_LocalPosition.y
      value: 2.09
      objectReference: {fileID: 0}
    - target: {fileID: 4210577086663916902, guid: 631da4104a093304e8de046a05b1ea54, type: 3}
      propertyPath: m_LocalPosition.z
      value: 0
      objectReference: {fileID: 0}
    - target: {fileID: 4210577086663916902, guid: 631da4104a093304e8de046a05b1ea54, type: 3}
      propertyPath: m_LocalRotation.w
      value: 1
      objectReference: {fileID: 0}
    - target: {fileID: 4210577086663916902, guid: 631da4104a093304e8de046a05b1ea54, type: 3}
      propertyPath: m_LocalRotation.x
      value: 0
      objectReference: {fileID: 0}
    - target: {fileID: 4210577086663916902, guid: 631da4104a093304e8de046a05b1ea54, type: 3}
      propertyPath: m_LocalRotation.y
      value: 0
      objectReference: {fileID: 0}
    - target: {fileID: 4210577086663916902, guid: 631da4104a093304e8de046a05b1ea54, type: 3}
      propertyPath: m_LocalRotation.z
      value: 0
      objectReference: {fileID: 0}
    - target: {fileID: 4210577086663916902, guid: 631da4104a093304e8de046a05b1ea54, type: 3}
      propertyPath: m_LocalEulerAnglesHint.x
      value: 0
      objectReference: {fileID: 0}
    - target: {fileID: 4210577086663916902, guid: 631da4104a093304e8de046a05b1ea54, type: 3}
      propertyPath: m_LocalEulerAnglesHint.y
      value: 0
      objectReference: {fileID: 0}
    - target: {fileID: 4210577086663916902, guid: 631da4104a093304e8de046a05b1ea54, type: 3}
      propertyPath: m_LocalEulerAnglesHint.z
      value: 0
      objectReference: {fileID: 0}
    - target: {fileID: 4494708785776417127, guid: 631da4104a093304e8de046a05b1ea54, type: 3}
      propertyPath: value
      value: 14,
      objectReference: {fileID: 0}
    - target: {fileID: 4494708785776417127, guid: 631da4104a093304e8de046a05b1ea54, type: 3}
      propertyPath: layer.m_Bits
      value: 128
      objectReference: {fileID: 0}
    - target: {fileID: 6382816088064579074, guid: 631da4104a093304e8de046a05b1ea54, type: 3}
      propertyPath: m_AnchoredPosition.x
      value: -0.049804688
      objectReference: {fileID: 0}
    - target: {fileID: 6382816088064579074, guid: 631da4104a093304e8de046a05b1ea54, type: 3}
      propertyPath: m_AnchoredPosition.y
      value: -0.024963379
      objectReference: {fileID: 0}
    m_RemovedComponents: []
  m_SourcePrefab: {fileID: 100100000, guid: 631da4104a093304e8de046a05b1ea54, type: 3}
--- !u!4 &6388415011751891751 stripped
Transform:
  m_CorrespondingSourceObject: {fileID: 4210577086663916902, guid: 631da4104a093304e8de046a05b1ea54, type: 3}
  m_PrefabInstance: {fileID: 7117600656558321217}
  m_PrefabAsset: {fileID: 0}
--- !u!1001 &7117600656634355369
PrefabInstance:
  m_ObjectHideFlags: 0
  serializedVersion: 2
  m_Modification:
    m_TransformParent: {fileID: 8492114498570524579}
    m_Modifications:
    - target: {fileID: 2586105155488779937, guid: 631da4104a093304e8de046a05b1ea54, type: 3}
      propertyPath: m_Text
      value: SELECT
      objectReference: {fileID: 0}
    - target: {fileID: 4210577086663916900, guid: 631da4104a093304e8de046a05b1ea54, type: 3}
      propertyPath: m_Name
      value: SQL Query Fragment.12
      objectReference: {fileID: 0}
    - target: {fileID: 4210577086663916902, guid: 631da4104a093304e8de046a05b1ea54, type: 3}
      propertyPath: m_RootOrder
      value: 10
      objectReference: {fileID: 0}
    - target: {fileID: 4210577086663916902, guid: 631da4104a093304e8de046a05b1ea54, type: 3}
      propertyPath: m_LocalPosition.x
      value: -1.09
      objectReference: {fileID: 0}
    - target: {fileID: 4210577086663916902, guid: 631da4104a093304e8de046a05b1ea54, type: 3}
      propertyPath: m_LocalPosition.y
      value: -0.811
      objectReference: {fileID: 0}
    - target: {fileID: 4210577086663916902, guid: 631da4104a093304e8de046a05b1ea54, type: 3}
      propertyPath: m_LocalPosition.z
      value: 0
      objectReference: {fileID: 0}
    - target: {fileID: 4210577086663916902, guid: 631da4104a093304e8de046a05b1ea54, type: 3}
      propertyPath: m_LocalRotation.w
      value: 1
      objectReference: {fileID: 0}
    - target: {fileID: 4210577086663916902, guid: 631da4104a093304e8de046a05b1ea54, type: 3}
      propertyPath: m_LocalRotation.x
      value: 0
      objectReference: {fileID: 0}
    - target: {fileID: 4210577086663916902, guid: 631da4104a093304e8de046a05b1ea54, type: 3}
      propertyPath: m_LocalRotation.y
      value: 0
      objectReference: {fileID: 0}
    - target: {fileID: 4210577086663916902, guid: 631da4104a093304e8de046a05b1ea54, type: 3}
      propertyPath: m_LocalRotation.z
      value: 0
      objectReference: {fileID: 0}
    - target: {fileID: 4210577086663916902, guid: 631da4104a093304e8de046a05b1ea54, type: 3}
      propertyPath: m_LocalEulerAnglesHint.x
      value: 0
      objectReference: {fileID: 0}
    - target: {fileID: 4210577086663916902, guid: 631da4104a093304e8de046a05b1ea54, type: 3}
      propertyPath: m_LocalEulerAnglesHint.y
      value: 0
      objectReference: {fileID: 0}
    - target: {fileID: 4210577086663916902, guid: 631da4104a093304e8de046a05b1ea54, type: 3}
      propertyPath: m_LocalEulerAnglesHint.z
      value: 0
      objectReference: {fileID: 0}
    - target: {fileID: 4494708785776417127, guid: 631da4104a093304e8de046a05b1ea54, type: 3}
      propertyPath: value
      value: "'\u0447\u0435\u0442\u044B\u0440\u0435\u0445\u043E\u0441\u043D\u044B\u0439')"
      objectReference: {fileID: 0}
    - target: {fileID: 4494708785776417127, guid: 631da4104a093304e8de046a05b1ea54, type: 3}
      propertyPath: layer.m_Bits
      value: 128
      objectReference: {fileID: 0}
    - target: {fileID: 6382816088064579074, guid: 631da4104a093304e8de046a05b1ea54, type: 3}
      propertyPath: m_AnchoredPosition.x
      value: -0.049804688
      objectReference: {fileID: 0}
    - target: {fileID: 6382816088064579074, guid: 631da4104a093304e8de046a05b1ea54, type: 3}
      propertyPath: m_AnchoredPosition.y
      value: -0.024963379
      objectReference: {fileID: 0}
    m_RemovedComponents: []
  m_SourcePrefab: {fileID: 100100000, guid: 631da4104a093304e8de046a05b1ea54, type: 3}
--- !u!4 &6388415011693749199 stripped
Transform:
  m_CorrespondingSourceObject: {fileID: 4210577086663916902, guid: 631da4104a093304e8de046a05b1ea54, type: 3}
  m_PrefabInstance: {fileID: 7117600656634355369}
  m_PrefabAsset: {fileID: 0}
--- !u!1001 &7117600656820291014
PrefabInstance:
  m_ObjectHideFlags: 0
  serializedVersion: 2
  m_Modification:
    m_TransformParent: {fileID: 8492114498570524579}
    m_Modifications:
    - target: {fileID: 2586105155488779937, guid: 631da4104a093304e8de046a05b1ea54, type: 3}
      propertyPath: m_Text
      value: SELECT
      objectReference: {fileID: 0}
    - target: {fileID: 4210577086663916900, guid: 631da4104a093304e8de046a05b1ea54, type: 3}
      propertyPath: m_Name
      value: SQL Query Fragment.14
      objectReference: {fileID: 0}
    - target: {fileID: 4210577086663916902, guid: 631da4104a093304e8de046a05b1ea54, type: 3}
      propertyPath: m_RootOrder
      value: 12
      objectReference: {fileID: 0}
    - target: {fileID: 4210577086663916902, guid: 631da4104a093304e8de046a05b1ea54, type: 3}
      propertyPath: m_LocalPosition.x
      value: -0.989
      objectReference: {fileID: 0}
    - target: {fileID: 4210577086663916902, guid: 631da4104a093304e8de046a05b1ea54, type: 3}
      propertyPath: m_LocalPosition.y
      value: -0.22
      objectReference: {fileID: 0}
    - target: {fileID: 4210577086663916902, guid: 631da4104a093304e8de046a05b1ea54, type: 3}
      propertyPath: m_LocalPosition.z
      value: 0
      objectReference: {fileID: 0}
    - target: {fileID: 4210577086663916902, guid: 631da4104a093304e8de046a05b1ea54, type: 3}
      propertyPath: m_LocalRotation.w
      value: 1
      objectReference: {fileID: 0}
    - target: {fileID: 4210577086663916902, guid: 631da4104a093304e8de046a05b1ea54, type: 3}
      propertyPath: m_LocalRotation.x
      value: 0
      objectReference: {fileID: 0}
    - target: {fileID: 4210577086663916902, guid: 631da4104a093304e8de046a05b1ea54, type: 3}
      propertyPath: m_LocalRotation.y
      value: 0
      objectReference: {fileID: 0}
    - target: {fileID: 4210577086663916902, guid: 631da4104a093304e8de046a05b1ea54, type: 3}
      propertyPath: m_LocalRotation.z
      value: 0
      objectReference: {fileID: 0}
    - target: {fileID: 4210577086663916902, guid: 631da4104a093304e8de046a05b1ea54, type: 3}
      propertyPath: m_LocalEulerAnglesHint.x
      value: 0
      objectReference: {fileID: 0}
    - target: {fileID: 4210577086663916902, guid: 631da4104a093304e8de046a05b1ea54, type: 3}
      propertyPath: m_LocalEulerAnglesHint.y
      value: 0
      objectReference: {fileID: 0}
    - target: {fileID: 4210577086663916902, guid: 631da4104a093304e8de046a05b1ea54, type: 3}
      propertyPath: m_LocalEulerAnglesHint.z
      value: 0
      objectReference: {fileID: 0}
    - target: {fileID: 4494708785776417127, guid: 631da4104a093304e8de046a05b1ea54, type: 3}
      propertyPath: value
      value: 50
      objectReference: {fileID: 0}
    - target: {fileID: 4494708785776417127, guid: 631da4104a093304e8de046a05b1ea54, type: 3}
      propertyPath: layer.m_Bits
      value: 128
      objectReference: {fileID: 0}
    - target: {fileID: 6382816088064579074, guid: 631da4104a093304e8de046a05b1ea54, type: 3}
      propertyPath: m_AnchoredPosition.x
      value: -0.049804688
      objectReference: {fileID: 0}
    - target: {fileID: 6382816088064579074, guid: 631da4104a093304e8de046a05b1ea54, type: 3}
      propertyPath: m_AnchoredPosition.y
      value: -0.024963379
      objectReference: {fileID: 0}
    m_RemovedComponents: []
  m_SourcePrefab: {fileID: 100100000, guid: 631da4104a093304e8de046a05b1ea54, type: 3}
--- !u!4 &6388415011477010592 stripped
Transform:
  m_CorrespondingSourceObject: {fileID: 4210577086663916902, guid: 631da4104a093304e8de046a05b1ea54, type: 3}
  m_PrefabInstance: {fileID: 7117600656820291014}
  m_PrefabAsset: {fileID: 0}
--- !u!1001 &7117600657250280732
PrefabInstance:
  m_ObjectHideFlags: 0
  serializedVersion: 2
  m_Modification:
    m_TransformParent: {fileID: 8492114498570524579}
    m_Modifications:
    - target: {fileID: 2586105155488779937, guid: 631da4104a093304e8de046a05b1ea54, type: 3}
      propertyPath: m_Text
      value: SELECT
      objectReference: {fileID: 0}
    - target: {fileID: 4210577086663916900, guid: 631da4104a093304e8de046a05b1ea54, type: 3}
      propertyPath: m_Name
      value: SQL Query Fragment.13
      objectReference: {fileID: 0}
    - target: {fileID: 4210577086663916902, guid: 631da4104a093304e8de046a05b1ea54, type: 3}
      propertyPath: m_RootOrder
      value: 11
      objectReference: {fileID: 0}
    - target: {fileID: 4210577086663916902, guid: 631da4104a093304e8de046a05b1ea54, type: 3}
      propertyPath: m_LocalPosition.x
      value: 0.716
      objectReference: {fileID: 0}
    - target: {fileID: 4210577086663916902, guid: 631da4104a093304e8de046a05b1ea54, type: 3}
      propertyPath: m_LocalPosition.y
      value: -0.459
      objectReference: {fileID: 0}
    - target: {fileID: 4210577086663916902, guid: 631da4104a093304e8de046a05b1ea54, type: 3}
      propertyPath: m_LocalPosition.z
      value: 0
      objectReference: {fileID: 0}
    - target: {fileID: 4210577086663916902, guid: 631da4104a093304e8de046a05b1ea54, type: 3}
      propertyPath: m_LocalRotation.w
      value: 1
      objectReference: {fileID: 0}
    - target: {fileID: 4210577086663916902, guid: 631da4104a093304e8de046a05b1ea54, type: 3}
      propertyPath: m_LocalRotation.x
      value: 0
      objectReference: {fileID: 0}
    - target: {fileID: 4210577086663916902, guid: 631da4104a093304e8de046a05b1ea54, type: 3}
      propertyPath: m_LocalRotation.y
      value: 0
      objectReference: {fileID: 0}
    - target: {fileID: 4210577086663916902, guid: 631da4104a093304e8de046a05b1ea54, type: 3}
      propertyPath: m_LocalRotation.z
      value: 0
      objectReference: {fileID: 0}
    - target: {fileID: 4210577086663916902, guid: 631da4104a093304e8de046a05b1ea54, type: 3}
      propertyPath: m_LocalEulerAnglesHint.x
      value: 0
      objectReference: {fileID: 0}
    - target: {fileID: 4210577086663916902, guid: 631da4104a093304e8de046a05b1ea54, type: 3}
      propertyPath: m_LocalEulerAnglesHint.y
      value: 0
      objectReference: {fileID: 0}
    - target: {fileID: 4210577086663916902, guid: 631da4104a093304e8de046a05b1ea54, type: 3}
      propertyPath: m_LocalEulerAnglesHint.z
      value: 0
      objectReference: {fileID: 0}
    - target: {fileID: 4494708785776417127, guid: 631da4104a093304e8de046a05b1ea54, type: 3}
      propertyPath: value
      value: LIKE
      objectReference: {fileID: 0}
    - target: {fileID: 4494708785776417127, guid: 631da4104a093304e8de046a05b1ea54, type: 3}
      propertyPath: layer.m_Bits
      value: 128
      objectReference: {fileID: 0}
    - target: {fileID: 6382816088064579074, guid: 631da4104a093304e8de046a05b1ea54, type: 3}
      propertyPath: m_AnchoredPosition.x
      value: -0.049804688
      objectReference: {fileID: 0}
    - target: {fileID: 6382816088064579074, guid: 631da4104a093304e8de046a05b1ea54, type: 3}
      propertyPath: m_AnchoredPosition.y
      value: -0.024963379
      objectReference: {fileID: 0}
    m_RemovedComponents: []
  m_SourcePrefab: {fileID: 100100000, guid: 631da4104a093304e8de046a05b1ea54, type: 3}
--- !u!4 &6388415013182052474 stripped
Transform:
  m_CorrespondingSourceObject: {fileID: 4210577086663916902, guid: 631da4104a093304e8de046a05b1ea54, type: 3}
  m_PrefabInstance: {fileID: 7117600657250280732}
  m_PrefabAsset: {fileID: 0}
--- !u!1001 &7117600657499393266
PrefabInstance:
  m_ObjectHideFlags: 0
  serializedVersion: 2
  m_Modification:
    m_TransformParent: {fileID: 8492114498570524579}
    m_Modifications:
    - target: {fileID: 2586105155488779937, guid: 631da4104a093304e8de046a05b1ea54, type: 3}
      propertyPath: m_Text
      value: SELECT
      objectReference: {fileID: 0}
    - target: {fileID: 4210577086663916900, guid: 631da4104a093304e8de046a05b1ea54, type: 3}
      propertyPath: m_Name
      value: SQL Query Fragment.10
      objectReference: {fileID: 0}
    - target: {fileID: 4210577086663916902, guid: 631da4104a093304e8de046a05b1ea54, type: 3}
      propertyPath: m_RootOrder
      value: 8
      objectReference: {fileID: 0}
    - target: {fileID: 4210577086663916902, guid: 631da4104a093304e8de046a05b1ea54, type: 3}
      propertyPath: m_LocalPosition.x
      value: 0.616
      objectReference: {fileID: 0}
    - target: {fileID: 4210577086663916902, guid: 631da4104a093304e8de046a05b1ea54, type: 3}
      propertyPath: m_LocalPosition.y
      value: -1.019
      objectReference: {fileID: 0}
    - target: {fileID: 4210577086663916902, guid: 631da4104a093304e8de046a05b1ea54, type: 3}
      propertyPath: m_LocalPosition.z
      value: 0
      objectReference: {fileID: 0}
    - target: {fileID: 4210577086663916902, guid: 631da4104a093304e8de046a05b1ea54, type: 3}
      propertyPath: m_LocalRotation.w
      value: 1
      objectReference: {fileID: 0}
    - target: {fileID: 4210577086663916902, guid: 631da4104a093304e8de046a05b1ea54, type: 3}
      propertyPath: m_LocalRotation.x
      value: 0
      objectReference: {fileID: 0}
    - target: {fileID: 4210577086663916902, guid: 631da4104a093304e8de046a05b1ea54, type: 3}
      propertyPath: m_LocalRotation.y
      value: 0
      objectReference: {fileID: 0}
    - target: {fileID: 4210577086663916902, guid: 631da4104a093304e8de046a05b1ea54, type: 3}
      propertyPath: m_LocalRotation.z
      value: 0
      objectReference: {fileID: 0}
    - target: {fileID: 4210577086663916902, guid: 631da4104a093304e8de046a05b1ea54, type: 3}
      propertyPath: m_LocalEulerAnglesHint.x
      value: 0
      objectReference: {fileID: 0}
    - target: {fileID: 4210577086663916902, guid: 631da4104a093304e8de046a05b1ea54, type: 3}
      propertyPath: m_LocalEulerAnglesHint.y
      value: 0
      objectReference: {fileID: 0}
    - target: {fileID: 4210577086663916902, guid: 631da4104a093304e8de046a05b1ea54, type: 3}
      propertyPath: m_LocalEulerAnglesHint.z
      value: 0
      objectReference: {fileID: 0}
    - target: {fileID: 4494708785776417127, guid: 631da4104a093304e8de046a05b1ea54, type: 3}
      propertyPath: value
      value: 60,
      objectReference: {fileID: 0}
    - target: {fileID: 4494708785776417127, guid: 631da4104a093304e8de046a05b1ea54, type: 3}
      propertyPath: layer.m_Bits
      value: 128
      objectReference: {fileID: 0}
    - target: {fileID: 6382816088064579074, guid: 631da4104a093304e8de046a05b1ea54, type: 3}
      propertyPath: m_AnchoredPosition.x
      value: -0.049804688
      objectReference: {fileID: 0}
    - target: {fileID: 6382816088064579074, guid: 631da4104a093304e8de046a05b1ea54, type: 3}
      propertyPath: m_AnchoredPosition.y
      value: -0.024963379
      objectReference: {fileID: 0}
    m_RemovedComponents: []
  m_SourcePrefab: {fileID: 100100000, guid: 631da4104a093304e8de046a05b1ea54, type: 3}
--- !u!4 &6388415012961448340 stripped
Transform:
  m_CorrespondingSourceObject: {fileID: 4210577086663916902, guid: 631da4104a093304e8de046a05b1ea54, type: 3}
  m_PrefabInstance: {fileID: 7117600657499393266}
  m_PrefabAsset: {fileID: 0}
--- !u!1001 &8492114497901192374
PrefabInstance:
  m_ObjectHideFlags: 0
  serializedVersion: 2
  m_Modification:
    m_TransformParent: {fileID: 8492114498570524579}
    m_Modifications:
    - target: {fileID: 2586105155488779937, guid: 631da4104a093304e8de046a05b1ea54, type: 3}
      propertyPath: m_Text
      value: SELECT
      objectReference: {fileID: 0}
    - target: {fileID: 4210577086663916900, guid: 631da4104a093304e8de046a05b1ea54, type: 3}
      propertyPath: m_Name
      value: SQL Query Fragment.2
      objectReference: {fileID: 0}
    - target: {fileID: 4210577086663916902, guid: 631da4104a093304e8de046a05b1ea54, type: 3}
      propertyPath: m_RootOrder
      value: 1
      objectReference: {fileID: 0}
    - target: {fileID: 4210577086663916902, guid: 631da4104a093304e8de046a05b1ea54, type: 3}
      propertyPath: m_LocalPosition.x
      value: -0.82
      objectReference: {fileID: 0}
    - target: {fileID: 4210577086663916902, guid: 631da4104a093304e8de046a05b1ea54, type: 3}
      propertyPath: m_LocalPosition.y
      value: 3.73
      objectReference: {fileID: 0}
    - target: {fileID: 4210577086663916902, guid: 631da4104a093304e8de046a05b1ea54, type: 3}
      propertyPath: m_LocalPosition.z
      value: 0
      objectReference: {fileID: 0}
    - target: {fileID: 4210577086663916902, guid: 631da4104a093304e8de046a05b1ea54, type: 3}
      propertyPath: m_LocalRotation.w
      value: 1
      objectReference: {fileID: 0}
    - target: {fileID: 4210577086663916902, guid: 631da4104a093304e8de046a05b1ea54, type: 3}
      propertyPath: m_LocalRotation.x
      value: 0
      objectReference: {fileID: 0}
    - target: {fileID: 4210577086663916902, guid: 631da4104a093304e8de046a05b1ea54, type: 3}
      propertyPath: m_LocalRotation.y
      value: 0
      objectReference: {fileID: 0}
    - target: {fileID: 4210577086663916902, guid: 631da4104a093304e8de046a05b1ea54, type: 3}
      propertyPath: m_LocalRotation.z
      value: 0
      objectReference: {fileID: 0}
    - target: {fileID: 4210577086663916902, guid: 631da4104a093304e8de046a05b1ea54, type: 3}
      propertyPath: m_LocalEulerAnglesHint.x
      value: 0
      objectReference: {fileID: 0}
    - target: {fileID: 4210577086663916902, guid: 631da4104a093304e8de046a05b1ea54, type: 3}
      propertyPath: m_LocalEulerAnglesHint.y
      value: 0
      objectReference: {fileID: 0}
    - target: {fileID: 4210577086663916902, guid: 631da4104a093304e8de046a05b1ea54, type: 3}
      propertyPath: m_LocalEulerAnglesHint.z
      value: 0
      objectReference: {fileID: 0}
    - target: {fileID: 4494708785776417127, guid: 631da4104a093304e8de046a05b1ea54, type: 3}
      propertyPath: value
      value: INTO
      objectReference: {fileID: 0}
    - target: {fileID: 4494708785776417127, guid: 631da4104a093304e8de046a05b1ea54, type: 3}
      propertyPath: layer.m_Bits
      value: 128
      objectReference: {fileID: 0}
    - target: {fileID: 6382816088064579074, guid: 631da4104a093304e8de046a05b1ea54, type: 3}
      propertyPath: m_AnchoredPosition.x
      value: -0.049804688
      objectReference: {fileID: 0}
    - target: {fileID: 6382816088064579074, guid: 631da4104a093304e8de046a05b1ea54, type: 3}
      propertyPath: m_AnchoredPosition.y
      value: -0.024963379
      objectReference: {fileID: 0}
    m_RemovedComponents: []
  m_SourcePrefab: {fileID: 100100000, guid: 631da4104a093304e8de046a05b1ea54, type: 3}
--- !u!4 &5743484434600434128 stripped
Transform:
  m_CorrespondingSourceObject: {fileID: 4210577086663916902, guid: 631da4104a093304e8de046a05b1ea54, type: 3}
  m_PrefabInstance: {fileID: 8492114497901192374}
  m_PrefabAsset: {fileID: 0}
--- !u!1001 &8492114498201481993
PrefabInstance:
  m_ObjectHideFlags: 0
  serializedVersion: 2
  m_Modification:
    m_TransformParent: {fileID: 8492114498570524579}
    m_Modifications:
    - target: {fileID: 2586105155488779937, guid: 631da4104a093304e8de046a05b1ea54, type: 3}
      propertyPath: m_Text
      value: SELECT
      objectReference: {fileID: 0}
    - target: {fileID: 4210577086663916900, guid: 631da4104a093304e8de046a05b1ea54, type: 3}
      propertyPath: m_Name
      value: SQL Query Fragment.4
      objectReference: {fileID: 0}
    - target: {fileID: 4210577086663916902, guid: 631da4104a093304e8de046a05b1ea54, type: 3}
      propertyPath: m_RootOrder
      value: 3
      objectReference: {fileID: 0}
    - target: {fileID: 4210577086663916902, guid: 631da4104a093304e8de046a05b1ea54, type: 3}
      propertyPath: m_LocalPosition.x
      value: 0.95
      objectReference: {fileID: 0}
    - target: {fileID: 4210577086663916902, guid: 631da4104a093304e8de046a05b1ea54, type: 3}
      propertyPath: m_LocalPosition.y
      value: 3.68
      objectReference: {fileID: 0}
    - target: {fileID: 4210577086663916902, guid: 631da4104a093304e8de046a05b1ea54, type: 3}
      propertyPath: m_LocalPosition.z
      value: 0
      objectReference: {fileID: 0}
    - target: {fileID: 4210577086663916902, guid: 631da4104a093304e8de046a05b1ea54, type: 3}
      propertyPath: m_LocalRotation.w
      value: 1
      objectReference: {fileID: 0}
    - target: {fileID: 4210577086663916902, guid: 631da4104a093304e8de046a05b1ea54, type: 3}
      propertyPath: m_LocalRotation.x
      value: 0
      objectReference: {fileID: 0}
    - target: {fileID: 4210577086663916902, guid: 631da4104a093304e8de046a05b1ea54, type: 3}
      propertyPath: m_LocalRotation.y
      value: 0
      objectReference: {fileID: 0}
    - target: {fileID: 4210577086663916902, guid: 631da4104a093304e8de046a05b1ea54, type: 3}
      propertyPath: m_LocalRotation.z
      value: 0
      objectReference: {fileID: 0}
    - target: {fileID: 4210577086663916902, guid: 631da4104a093304e8de046a05b1ea54, type: 3}
      propertyPath: m_LocalEulerAnglesHint.x
      value: 0
      objectReference: {fileID: 0}
    - target: {fileID: 4210577086663916902, guid: 631da4104a093304e8de046a05b1ea54, type: 3}
      propertyPath: m_LocalEulerAnglesHint.y
      value: 0
      objectReference: {fileID: 0}
    - target: {fileID: 4210577086663916902, guid: 631da4104a093304e8de046a05b1ea54, type: 3}
      propertyPath: m_LocalEulerAnglesHint.z
      value: 0
      objectReference: {fileID: 0}
    - target: {fileID: 4494708785776417127, guid: 631da4104a093304e8de046a05b1ea54, type: 3}
      propertyPath: value
      value: VALUES
      objectReference: {fileID: 0}
    - target: {fileID: 4494708785776417127, guid: 631da4104a093304e8de046a05b1ea54, type: 3}
      propertyPath: layer.m_Bits
      value: 128
      objectReference: {fileID: 0}
    - target: {fileID: 6382816088064579074, guid: 631da4104a093304e8de046a05b1ea54, type: 3}
      propertyPath: m_AnchoredPosition.x
      value: -0.049804688
      objectReference: {fileID: 0}
    - target: {fileID: 6382816088064579074, guid: 631da4104a093304e8de046a05b1ea54, type: 3}
      propertyPath: m_AnchoredPosition.y
      value: -0.024963379
      objectReference: {fileID: 0}
    m_RemovedComponents: []
  m_SourcePrefab: {fileID: 100100000, guid: 631da4104a093304e8de046a05b1ea54, type: 3}
--- !u!4 &5743484434296737391 stripped
Transform:
  m_CorrespondingSourceObject: {fileID: 4210577086663916902, guid: 631da4104a093304e8de046a05b1ea54, type: 3}
  m_PrefabInstance: {fileID: 8492114498201481993}
  m_PrefabAsset: {fileID: 0}
--- !u!1001 &8492114498239506251
PrefabInstance:
  m_ObjectHideFlags: 0
  serializedVersion: 2
  m_Modification:
    m_TransformParent: {fileID: 8492114498570524579}
    m_Modifications:
    - target: {fileID: 2586105155488779937, guid: 631da4104a093304e8de046a05b1ea54, type: 3}
      propertyPath: m_Text
      value: SELECT
      objectReference: {fileID: 0}
    - target: {fileID: 4210577086663916900, guid: 631da4104a093304e8de046a05b1ea54, type: 3}
      propertyPath: m_Name
      value: SQL Query Fragment.8
      objectReference: {fileID: 0}
    - target: {fileID: 4210577086663916902, guid: 631da4104a093304e8de046a05b1ea54, type: 3}
      propertyPath: m_RootOrder
      value: 6
      objectReference: {fileID: 0}
    - target: {fileID: 4210577086663916902, guid: 631da4104a093304e8de046a05b1ea54, type: 3}
      propertyPath: m_LocalPosition.x
      value: -0.94
      objectReference: {fileID: 0}
    - target: {fileID: 4210577086663916902, guid: 631da4104a093304e8de046a05b1ea54, type: 3}
      propertyPath: m_LocalPosition.y
      value: 2.59
      objectReference: {fileID: 0}
    - target: {fileID: 4210577086663916902, guid: 631da4104a093304e8de046a05b1ea54, type: 3}
      propertyPath: m_LocalPosition.z
      value: 0
      objectReference: {fileID: 0}
    - target: {fileID: 4210577086663916902, guid: 631da4104a093304e8de046a05b1ea54, type: 3}
      propertyPath: m_LocalRotation.w
      value: 1
      objectReference: {fileID: 0}
    - target: {fileID: 4210577086663916902, guid: 631da4104a093304e8de046a05b1ea54, type: 3}
      propertyPath: m_LocalRotation.x
      value: 0
      objectReference: {fileID: 0}
    - target: {fileID: 4210577086663916902, guid: 631da4104a093304e8de046a05b1ea54, type: 3}
      propertyPath: m_LocalRotation.y
      value: 0
      objectReference: {fileID: 0}
    - target: {fileID: 4210577086663916902, guid: 631da4104a093304e8de046a05b1ea54, type: 3}
      propertyPath: m_LocalRotation.z
      value: 0
      objectReference: {fileID: 0}
    - target: {fileID: 4210577086663916902, guid: 631da4104a093304e8de046a05b1ea54, type: 3}
      propertyPath: m_LocalEulerAnglesHint.x
      value: 0
      objectReference: {fileID: 0}
    - target: {fileID: 4210577086663916902, guid: 631da4104a093304e8de046a05b1ea54, type: 3}
      propertyPath: m_LocalEulerAnglesHint.y
      value: 0
      objectReference: {fileID: 0}
    - target: {fileID: 4210577086663916902, guid: 631da4104a093304e8de046a05b1ea54, type: 3}
      propertyPath: m_LocalEulerAnglesHint.z
      value: 0
      objectReference: {fileID: 0}
    - target: {fileID: 4494708785776417127, guid: 631da4104a093304e8de046a05b1ea54, type: 3}
      propertyPath: value
      value: 7,
      objectReference: {fileID: 0}
    - target: {fileID: 4494708785776417127, guid: 631da4104a093304e8de046a05b1ea54, type: 3}
      propertyPath: layer.m_Bits
      value: 128
      objectReference: {fileID: 0}
    - target: {fileID: 6382816088064579074, guid: 631da4104a093304e8de046a05b1ea54, type: 3}
      propertyPath: m_AnchoredPosition.x
      value: -0.049804688
      objectReference: {fileID: 0}
    - target: {fileID: 6382816088064579074, guid: 631da4104a093304e8de046a05b1ea54, type: 3}
      propertyPath: m_AnchoredPosition.y
      value: -0.024963379
      objectReference: {fileID: 0}
    m_RemovedComponents: []
  m_SourcePrefab: {fileID: 100100000, guid: 631da4104a093304e8de046a05b1ea54, type: 3}
--- !u!4 &5743484434267691565 stripped
Transform:
  m_CorrespondingSourceObject: {fileID: 4210577086663916902, guid: 631da4104a093304e8de046a05b1ea54, type: 3}
  m_PrefabInstance: {fileID: 8492114498239506251}
  m_PrefabAsset: {fileID: 0}
--- !u!1001 &8492114499218962983
PrefabInstance:
  m_ObjectHideFlags: 0
  serializedVersion: 2
  m_Modification:
    m_TransformParent: {fileID: 8492114498570524579}
    m_Modifications:
    - target: {fileID: 2586105155488779937, guid: 631da4104a093304e8de046a05b1ea54, type: 3}
      propertyPath: m_Text
      value: SELECT
      objectReference: {fileID: 0}
    - target: {fileID: 4210577086663916900, guid: 631da4104a093304e8de046a05b1ea54, type: 3}
      propertyPath: m_Name
      value: SQL Query Fragment.3
      objectReference: {fileID: 0}
    - target: {fileID: 4210577086663916902, guid: 631da4104a093304e8de046a05b1ea54, type: 3}
      propertyPath: m_RootOrder
      value: 2
      objectReference: {fileID: 0}
    - target: {fileID: 4210577086663916902, guid: 631da4104a093304e8de046a05b1ea54, type: 3}
      propertyPath: m_LocalPosition.x
      value: 0.75
      objectReference: {fileID: 0}
    - target: {fileID: 4210577086663916902, guid: 631da4104a093304e8de046a05b1ea54, type: 3}
      propertyPath: m_LocalPosition.y
      value: 3.259
      objectReference: {fileID: 0}
    - target: {fileID: 4210577086663916902, guid: 631da4104a093304e8de046a05b1ea54, type: 3}
      propertyPath: m_LocalPosition.z
      value: 0
      objectReference: {fileID: 0}
    - target: {fileID: 4210577086663916902, guid: 631da4104a093304e8de046a05b1ea54, type: 3}
      propertyPath: m_LocalRotation.w
      value: 1
      objectReference: {fileID: 0}
    - target: {fileID: 4210577086663916902, guid: 631da4104a093304e8de046a05b1ea54, type: 3}
      propertyPath: m_LocalRotation.x
      value: 0
      objectReference: {fileID: 0}
    - target: {fileID: 4210577086663916902, guid: 631da4104a093304e8de046a05b1ea54, type: 3}
      propertyPath: m_LocalRotation.y
      value: 0
      objectReference: {fileID: 0}
    - target: {fileID: 4210577086663916902, guid: 631da4104a093304e8de046a05b1ea54, type: 3}
      propertyPath: m_LocalRotation.z
      value: 0
      objectReference: {fileID: 0}
    - target: {fileID: 4210577086663916902, guid: 631da4104a093304e8de046a05b1ea54, type: 3}
      propertyPath: m_LocalEulerAnglesHint.x
      value: 0
      objectReference: {fileID: 0}
    - target: {fileID: 4210577086663916902, guid: 631da4104a093304e8de046a05b1ea54, type: 3}
      propertyPath: m_LocalEulerAnglesHint.y
      value: 0
      objectReference: {fileID: 0}
    - target: {fileID: 4210577086663916902, guid: 631da4104a093304e8de046a05b1ea54, type: 3}
      propertyPath: m_LocalEulerAnglesHint.z
      value: 0
      objectReference: {fileID: 0}
    - target: {fileID: 4494708785776417127, guid: 631da4104a093304e8de046a05b1ea54, type: 3}
      propertyPath: value
      value: "\u0432\u0430\u0433\u043E\u043D\u044B"
      objectReference: {fileID: 0}
    - target: {fileID: 4494708785776417127, guid: 631da4104a093304e8de046a05b1ea54, type: 3}
      propertyPath: layer.m_Bits
      value: 128
      objectReference: {fileID: 0}
    - target: {fileID: 6382816088064579074, guid: 631da4104a093304e8de046a05b1ea54, type: 3}
      propertyPath: m_AnchoredPosition.x
      value: -0.049804688
      objectReference: {fileID: 0}
    - target: {fileID: 6382816088064579074, guid: 631da4104a093304e8de046a05b1ea54, type: 3}
      propertyPath: m_AnchoredPosition.y
      value: -0.024963379
      objectReference: {fileID: 0}
    m_RemovedComponents: []
  m_SourcePrefab: {fileID: 100100000, guid: 631da4104a093304e8de046a05b1ea54, type: 3}
--- !u!4 &5743484435448432449 stripped
Transform:
  m_CorrespondingSourceObject: {fileID: 4210577086663916902, guid: 631da4104a093304e8de046a05b1ea54, type: 3}
  m_PrefabInstance: {fileID: 8492114499218962983}
  m_PrefabAsset: {fileID: 0}
--- !u!1001 &8492114499748827558
PrefabInstance:
  m_ObjectHideFlags: 0
  serializedVersion: 2
  m_Modification:
    m_TransformParent: {fileID: 8492114498570524579}
    m_Modifications:
    - target: {fileID: 2586105155488779937, guid: 631da4104a093304e8de046a05b1ea54, type: 3}
      propertyPath: m_Text
      value: SELECT
      objectReference: {fileID: 0}
    - target: {fileID: 4210577086663916900, guid: 631da4104a093304e8de046a05b1ea54, type: 3}
      propertyPath: m_Name
      value: SQL Query Fragment.7
      objectReference: {fileID: 0}
    - target: {fileID: 4210577086663916902, guid: 631da4104a093304e8de046a05b1ea54, type: 3}
      propertyPath: m_RootOrder
      value: 5
      objectReference: {fileID: 0}
    - target: {fileID: 4210577086663916902, guid: 631da4104a093304e8de046a05b1ea54, type: 3}
      propertyPath: m_LocalPosition.x
      value: 0.83
      objectReference: {fileID: 0}
    - target: {fileID: 4210577086663916902, guid: 631da4104a093304e8de046a05b1ea54, type: 3}
      propertyPath: m_LocalPosition.y
      value: 2.75
      objectReference: {fileID: 0}
    - target: {fileID: 4210577086663916902, guid: 631da4104a093304e8de046a05b1ea54, type: 3}
      propertyPath: m_LocalPosition.z
      value: 0
      objectReference: {fileID: 0}
    - target: {fileID: 4210577086663916902, guid: 631da4104a093304e8de046a05b1ea54, type: 3}
      propertyPath: m_LocalRotation.w
      value: 1
      objectReference: {fileID: 0}
    - target: {fileID: 4210577086663916902, guid: 631da4104a093304e8de046a05b1ea54, type: 3}
      propertyPath: m_LocalRotation.x
      value: 0
      objectReference: {fileID: 0}
    - target: {fileID: 4210577086663916902, guid: 631da4104a093304e8de046a05b1ea54, type: 3}
      propertyPath: m_LocalRotation.y
      value: 0
      objectReference: {fileID: 0}
    - target: {fileID: 4210577086663916902, guid: 631da4104a093304e8de046a05b1ea54, type: 3}
      propertyPath: m_LocalRotation.z
      value: 0
      objectReference: {fileID: 0}
    - target: {fileID: 4210577086663916902, guid: 631da4104a093304e8de046a05b1ea54, type: 3}
      propertyPath: m_LocalEulerAnglesHint.x
      value: 0
      objectReference: {fileID: 0}
    - target: {fileID: 4210577086663916902, guid: 631da4104a093304e8de046a05b1ea54, type: 3}
      propertyPath: m_LocalEulerAnglesHint.y
      value: 0
      objectReference: {fileID: 0}
    - target: {fileID: 4210577086663916902, guid: 631da4104a093304e8de046a05b1ea54, type: 3}
      propertyPath: m_LocalEulerAnglesHint.z
      value: 0
      objectReference: {fileID: 0}
    - target: {fileID: 4494708785776417127, guid: 631da4104a093304e8de046a05b1ea54, type: 3}
      propertyPath: value
      value: "'\u043A\u0440\u044B\u0442\u044B\u0439',"
      objectReference: {fileID: 0}
    - target: {fileID: 4494708785776417127, guid: 631da4104a093304e8de046a05b1ea54, type: 3}
      propertyPath: layer.m_Bits
      value: 128
      objectReference: {fileID: 0}
    - target: {fileID: 6382816088064579074, guid: 631da4104a093304e8de046a05b1ea54, type: 3}
      propertyPath: m_AnchoredPosition.x
      value: -0.049804688
      objectReference: {fileID: 0}
    - target: {fileID: 6382816088064579074, guid: 631da4104a093304e8de046a05b1ea54, type: 3}
      propertyPath: m_AnchoredPosition.y
      value: -0.024963379
      objectReference: {fileID: 0}
    m_RemovedComponents: []
  m_SourcePrefab: {fileID: 100100000, guid: 631da4104a093304e8de046a05b1ea54, type: 3}
--- !u!4 &5743484434904607936 stripped
Transform:
  m_CorrespondingSourceObject: {fileID: 4210577086663916902, guid: 631da4104a093304e8de046a05b1ea54, type: 3}
  m_PrefabInstance: {fileID: 8492114499748827558}
  m_PrefabAsset: {fileID: 0}
--- !u!1001 &8492114499788125442
PrefabInstance:
  m_ObjectHideFlags: 0
  serializedVersion: 2
  m_Modification:
    m_TransformParent: {fileID: 8492114498570524579}
    m_Modifications:
    - target: {fileID: 2586105155488779937, guid: 631da4104a093304e8de046a05b1ea54, type: 3}
      propertyPath: m_Text
      value: SELECT
      objectReference: {fileID: 0}
    - target: {fileID: 4210577086663916900, guid: 631da4104a093304e8de046a05b1ea54, type: 3}
      propertyPath: m_Name
      value: SQL Query Fragment.5
      objectReference: {fileID: 0}
    - target: {fileID: 4210577086663916902, guid: 631da4104a093304e8de046a05b1ea54, type: 3}
      propertyPath: m_RootOrder
      value: 4
      objectReference: {fileID: 0}
    - target: {fileID: 4210577086663916902, guid: 631da4104a093304e8de046a05b1ea54, type: 3}
      propertyPath: m_LocalPosition.x
      value: -0.98
      objectReference: {fileID: 0}
    - target: {fileID: 4210577086663916902, guid: 631da4104a093304e8de046a05b1ea54, type: 3}
      propertyPath: m_LocalPosition.y
      value: 3.12
      objectReference: {fileID: 0}
    - target: {fileID: 4210577086663916902, guid: 631da4104a093304e8de046a05b1ea54, type: 3}
      propertyPath: m_LocalPosition.z
      value: 0
      objectReference: {fileID: 0}
    - target: {fileID: 4210577086663916902, guid: 631da4104a093304e8de046a05b1ea54, type: 3}
      propertyPath: m_LocalRotation.w
      value: 1
      objectReference: {fileID: 0}
    - target: {fileID: 4210577086663916902, guid: 631da4104a093304e8de046a05b1ea54, type: 3}
      propertyPath: m_LocalRotation.x
      value: 0
      objectReference: {fileID: 0}
    - target: {fileID: 4210577086663916902, guid: 631da4104a093304e8de046a05b1ea54, type: 3}
      propertyPath: m_LocalRotation.y
      value: 0
      objectReference: {fileID: 0}
    - target: {fileID: 4210577086663916902, guid: 631da4104a093304e8de046a05b1ea54, type: 3}
      propertyPath: m_LocalRotation.z
      value: 0
      objectReference: {fileID: 0}
    - target: {fileID: 4210577086663916902, guid: 631da4104a093304e8de046a05b1ea54, type: 3}
      propertyPath: m_LocalEulerAnglesHint.x
      value: 0
      objectReference: {fileID: 0}
    - target: {fileID: 4210577086663916902, guid: 631da4104a093304e8de046a05b1ea54, type: 3}
      propertyPath: m_LocalEulerAnglesHint.y
      value: 0
      objectReference: {fileID: 0}
    - target: {fileID: 4210577086663916902, guid: 631da4104a093304e8de046a05b1ea54, type: 3}
      propertyPath: m_LocalEulerAnglesHint.z
      value: 0
      objectReference: {fileID: 0}
    - target: {fileID: 4494708785776417127, guid: 631da4104a093304e8de046a05b1ea54, type: 3}
      propertyPath: value
      value: ('22578601',
      objectReference: {fileID: 0}
    - target: {fileID: 4494708785776417127, guid: 631da4104a093304e8de046a05b1ea54, type: 3}
      propertyPath: layer.m_Bits
      value: 128
      objectReference: {fileID: 0}
    - target: {fileID: 6382816088064579074, guid: 631da4104a093304e8de046a05b1ea54, type: 3}
      propertyPath: m_AnchoredPosition.x
      value: -0.049804688
      objectReference: {fileID: 0}
    - target: {fileID: 6382816088064579074, guid: 631da4104a093304e8de046a05b1ea54, type: 3}
      propertyPath: m_AnchoredPosition.y
      value: -0.024963379
      objectReference: {fileID: 0}
    m_RemovedComponents: []
  m_SourcePrefab: {fileID: 100100000, guid: 631da4104a093304e8de046a05b1ea54, type: 3}
--- !u!4 &5743484434876778596 stripped
Transform:
  m_CorrespondingSourceObject: {fileID: 4210577086663916902, guid: 631da4104a093304e8de046a05b1ea54, type: 3}
  m_PrefabInstance: {fileID: 8492114499788125442}
  m_PrefabAsset: {fileID: 0}
--- !u!1001 &8492114499833556632
PrefabInstance:
  m_ObjectHideFlags: 0
  serializedVersion: 2
  m_Modification:
    m_TransformParent: {fileID: 8492114498570524579}
    m_Modifications:
    - target: {fileID: 2586105155488779937, guid: 631da4104a093304e8de046a05b1ea54, type: 3}
      propertyPath: m_Text
      value: SELECT
      objectReference: {fileID: 0}
    - target: {fileID: 4210577086663916900, guid: 631da4104a093304e8de046a05b1ea54, type: 3}
      propertyPath: m_Name
      value: SQL Query Fragment.1
      objectReference: {fileID: 0}
    - target: {fileID: 4210577086663916902, guid: 631da4104a093304e8de046a05b1ea54, type: 3}
      propertyPath: m_RootOrder
      value: 0
      objectReference: {fileID: 0}
    - target: {fileID: 4210577086663916902, guid: 631da4104a093304e8de046a05b1ea54, type: 3}
      propertyPath: m_LocalPosition.x
      value: 0.85
      objectReference: {fileID: 0}
    - target: {fileID: 4210577086663916902, guid: 631da4104a093304e8de046a05b1ea54, type: 3}
      propertyPath: m_LocalPosition.y
      value: 2.31
      objectReference: {fileID: 0}
    - target: {fileID: 4210577086663916902, guid: 631da4104a093304e8de046a05b1ea54, type: 3}
      propertyPath: m_LocalPosition.z
      value: 0
      objectReference: {fileID: 0}
    - target: {fileID: 4210577086663916902, guid: 631da4104a093304e8de046a05b1ea54, type: 3}
      propertyPath: m_LocalRotation.w
      value: 1
      objectReference: {fileID: 0}
    - target: {fileID: 4210577086663916902, guid: 631da4104a093304e8de046a05b1ea54, type: 3}
      propertyPath: m_LocalRotation.x
      value: 0
      objectReference: {fileID: 0}
    - target: {fileID: 4210577086663916902, guid: 631da4104a093304e8de046a05b1ea54, type: 3}
      propertyPath: m_LocalRotation.y
      value: 0
      objectReference: {fileID: 0}
    - target: {fileID: 4210577086663916902, guid: 631da4104a093304e8de046a05b1ea54, type: 3}
      propertyPath: m_LocalRotation.z
      value: 0
      objectReference: {fileID: 0}
    - target: {fileID: 4210577086663916902, guid: 631da4104a093304e8de046a05b1ea54, type: 3}
      propertyPath: m_LocalEulerAnglesHint.x
      value: 0
      objectReference: {fileID: 0}
    - target: {fileID: 4210577086663916902, guid: 631da4104a093304e8de046a05b1ea54, type: 3}
      propertyPath: m_LocalEulerAnglesHint.y
      value: 0
      objectReference: {fileID: 0}
    - target: {fileID: 4210577086663916902, guid: 631da4104a093304e8de046a05b1ea54, type: 3}
      propertyPath: m_LocalEulerAnglesHint.z
      value: 0
      objectReference: {fileID: 0}
    - target: {fileID: 4494708785776417127, guid: 631da4104a093304e8de046a05b1ea54, type: 3}
      propertyPath: value
      value: INSERT
      objectReference: {fileID: 0}
    - target: {fileID: 4494708785776417127, guid: 631da4104a093304e8de046a05b1ea54, type: 3}
      propertyPath: layer.m_Bits
      value: 128
      objectReference: {fileID: 0}
    - target: {fileID: 6382816088064579074, guid: 631da4104a093304e8de046a05b1ea54, type: 3}
      propertyPath: m_AnchoredPosition.x
      value: -0.049804688
      objectReference: {fileID: 0}
    - target: {fileID: 6382816088064579074, guid: 631da4104a093304e8de046a05b1ea54, type: 3}
      propertyPath: m_AnchoredPosition.y
      value: -0.024963379
      objectReference: {fileID: 0}
    m_RemovedComponents: []
  m_SourcePrefab: {fileID: 100100000, guid: 631da4104a093304e8de046a05b1ea54, type: 3}
--- !u!4 &5743484434787963902 stripped
Transform:
  m_CorrespondingSourceObject: {fileID: 4210577086663916902, guid: 631da4104a093304e8de046a05b1ea54, type: 3}
  m_PrefabInstance: {fileID: 8492114499833556632}
  m_PrefabAsset: {fileID: 0}
